=LDR  00000nam  2200000   4500
=001 PCRD-H000002
=003 000003
=040 PCAARRD-DOST
=050 ##$aT SH137.3$bA42$c2011
=100 1000#$aAlaira, Sofia T.
=245 24500$aEcological and socio-economic impacts of the cage culture of maliputo (Caranx ignobilis Forsskal) in Taal lake, Batangas, Philippines$cSofia T. Alaira
=300 300##$axvii, 138 leaves$bwith colored photos

