=LDR  00000nam  2200000   4500
=001 PCRD-H000004
=003 000005
=040 PCAARRD-DOST
=050 ##$aT HD30.28$bA68$c2001
=100 1000#$aAquino, Fortunata B.
=245 24500$aManaging local government units in five selected towns of Laguna province$cFortunata B. Aquino
=300 300##$axxii, 242 leaves

