=LDR  00000nam  2200000   4500
=001 PCRD-H000005
=003 000006
=040 PCAARRD-DOST
=050 ##$aT SH167$bA22$c2005
=100 1000#$aAbalos, Rosie S.
=245 24500$aResource productivity and profitability of milkfish (Chanos chanos) cage culture in five coastal areas along Lingayren Gulf in Pangasinan$cRosie S. Abalos
=300 300##$axviii, 133 leaves

