=LDR  00000nam  2200000   4500
=001 PCRD-H000006
=003 000008
=040 PCAARRD-DOST
=050 ##$aT SH167$bR48$c2011
=100 1000#$aReyes, Alvin T.
=245 24500$aParasitosis of pond-reared Nile Tilapia (Oreochromis niloticus L.) in Central Luzon, Philippines$cAlvin T. Reyes
=300 300##$axix, 119 leaves$bwith colored photos

