=LDR  00000nam  2200000   4500
=001 PCRD-H000007
=003 000009
=040 PCARRD-DOST
=050 ##$aT SH389$bA88$c2011
=100 1000#$aAyukil III, Leopoldo G.
=245 24500$aEvaluation of the antimicrobial activity of Lyngbya majuscula Gomont crude methanolic extract against aquaculture pathogens$cLeopoldo G. Ayukil III
=300 300##$aviii, 91 leaves$bwith colored photos

