=LDR  00000nam  2200000   4500
=001 PCRD-H000008
=003 000010
=040 PCAARRD-DOST
=050 ##$aT SH380.4$bC35$c2010
=100 1000#$aCandelaria, Patricia M.
=245 24500$aProbiotics as control for luminescent vibriosis in mud crab(Scylla serrata Forsskal, 1775) larval rearing$cPatricia M. Candelaria
=300 300##$axiii, 68 leaves

