=LDR  00000nam  2200000   4500
=001 PCRD-H000012
=003 000014
=040 PCAARRD-DOST
=050 ##$aT SH214.58$bF47$c2012
=100 1000#$aFerrera, Charissa M.
=245 24500$aThe carbonate system and organic carbon concentrations of the high and low productivity waters of the Sulu Sea$cCharissa M. Ferrera
=300 300##$axvi, 165 leaves$bwith colored photos

