=LDR  00000nam  2200000   4500
=001 PCRD-H000013
=003 000015
=040 PCAARRD-DOST
=050 ##$aT SJ329$bC43$c 2012
=100 1000#$aCebujano, Marilou D.
=245 24500$aDevelopment of Phytoplankton color chart as a potential tool for aquaculture management$cMarilou D. Cebujano
=300 300##$axx, 153 leaves$bwith colored photos

