=LDR  00000nam  2200000   4500
=001 PCRD-H000014
=003 000016
=040 PCAARRD-DOST
=050 ##$aT SH373 R63 1997$bR63$c1997
=100 1000#$aRoa, Hilly Ann Maroe F.
=245 24500$aReproductive conditioning of Tridacna crocea (Tridacnidae) using algae and dissolved inorganic nitrogen as nutritional supplements$cHilly Ann Maroe F. Roa
=300 300##$a73 leaves$bwith non colored photos

