=LDR  00000nam  2200000   4500
=001 PCRD-H000015
=003 000017
=040 PCAARRD-DOST
=050 ##$aT SH167$bS25$c1992
=100 1000#$aSalvador, Ronelie C.
=245 24500$aGrowth, survival and bacterial load of sex-reversed tilapia hybrid (Oreochromis niloticuis X Oreochromis mossambicus) cultured in seawater netcages at various stocking densities$cRonelie C. Salvador
=300 300##$axii, 84 leaves

