=LDR  00000nam  2200000   4500
=001 PCRD-H000016
=003 000018
=040 PCAARRD-DOST
=050 ##$aT SH167$bS66$c1993
=100 1000#$aSombero, Ronald Pelayo
=245 24500$aGrowth, survival of sex-reversed tilapia hybrid (Oreochomis niloticus X Oreochromis mossambicus) at three stocking densities in floating net cages in brackishwater$cRonald Pelayo Sombero
=300 300##$axi, 77 leaves$bwith colored photos

