=LDR  00000nam  2200000   4500
=001 PCRD-H000017
=003 000019
=040 PCAARRD-DOST
=050 ##$aT SF505$bA48$c2011
=100 1000#$aAlvarez, Alvin William A.
=245 24500$aEnzyme-linked immunisirbent assay if vitellogenin in juvenile and mature domestic mallard and pekin ducks (Anas platyrhynchos domesticus L. ) using anti-bird vtg monoclonal antibody$cAlvin William A. Alvarez
=300 300##$axiv, 84 leaves

