=LDR  00000nam  2200000   4500
=001 PCRD-H000018
=003 000020
=040 PCAARRD-DOST
=050 ##$aT SH329$bA23$c1993
=100 1000#$aAcedera, Mari-Ann M.
=245 24500$aAssessment of the environmental impacts of the proposed water resource development project on the lake water and aquaculture industry of Taal Lake, Batangas province$cMari-Ann M. Acedera
=300 300##$axvi, 123 leaves$bwith non colored illustrations

