=LDR  00000nam  2200000   4500
=001 PCRD-H000019
=003 000021
=040 PCAARRD-DOST
=050 ##$aT SH177$bG44$c2006
=100 1000#$aGeguira, Ma. Connie Panes
=245 24500$aDistribution of ciguateric dinoflagellates, Gambierdiscus toxicus and Ostreopsos spp. in algal substrates off Sibuyan island, Romblon $cMa. Connie Panes Geguira
=300 300##$axii, 36 leaves

