=LDR  00000nam  2200000   4500
=001 PCRD-H000020
=003 000022
=040 PCAARRD-DOST
=050 ##$aT SH329$bF58$c2010
=100 1000#$aFlores, Mary Joyce L.
=245 24500$aAssessment of water quality based in physicochemical parameters and their relationships with the macrinvertebrate communities of Mananga river in Cebu, Philippines$cMary Joyce L. Flores
=300 300##$axix, 177 leaves$bwith colored photosi

