=LDR  00000nam  2200000   4500
=001 PCRD-H000021
=003 000023
=040 PCAARRD-DOST
=050 ##$aT SH329$bG85$c2006
=100 1000#$aGuillen, Anita S.
=245 24500$aSustainability livelihoods approach (SLA) in assessing mangrove reforestation projects in Padre Burgos, Quezon, Philippines$cAnita S. Guillen
=300 300##$axvi, 163 leaves$bwith some colored photos

