=LDR  00000nam  2200000   4500
=001 PCRD-H000022
=003 000024
=040 PCAARRD-DOST
=050 ##$aT SH367.P16$bV53$c2005
=100 1000#$aVicente, Helen J.
=245 24500$aIn situ and in vitrodevelopmental stages and ultrastructure of Pyrodinium Bahamese plate var. compressum (Bohm) in Taguines Lagoon, Camiguin Island, Philippines$cHelen J. Vicente
=300 300##$axiv, 150 leaves$bwith colored photos

