=LDR  00000nam  2200000   4500
=001 PCRD-H000023
=003 000026
=040 PCAARRD-DOST
=050 ##$aT SH137$bU74$c2001
=100 1000#$aUrmaza, Elizabeth B.
=245 24500$aSeed production and growth performance of saline tolerant tilapia produced from complete diallele cross combinations of various tilapia species$cElizabeth B. Urmaza
=300 300##$axix, 192 leaves$bwith colored photos

