=LDR  00000nam  2200000   4500
=001 PCRD-H000024
=003 000027
=040 PCAARRD-DOST
=050 ##$aT TD771$bG34$c2013
=100 1000#$aGalarpe, Van Ryan Kristopher R.
=245 24500$aBio-physicochemical characterizations of leachates and groundwaters in Cebu City Sanitary Landfill, Philippines$cVan Ryan Kristopher R. Galarpe
=300 300##$axii, 124 leaves$bwith colored illustrations

