=LDR  00000nam  2200000   4500
=001 PCRD-H000025
=003 000028
=040 PCAARRD-DOST
=050 ##$aT TC405 $bR63$c2012
=100 1000#$aRodrigo, Ruffy Miliang
=245 24500$aCharacterization of Inangatan watershed in Villaba, Western Leyte$cRuffy Miliang Rodrigo
=300 300##$axii, 83 leaves$bwith colored photos

