=LDR  00000nam  2200000   4500
=001 PCRD-H000026
=003 000029
=040 PCAARRD-DOST
=050 ##$aT SH167$bB46$c1996
=100 1000#$aBeniga, Zosipat Murillo
=245 24500$aGrowth performance evaluation of genetically improved Nile tilapia (Oreochromis niloticus L.) in floating cages in Lake Sebu, South Cotabato$cZosipat Murillo Beniga
=300 300##$a100 leaves$bwith non colored illustrations

