=LDR  00000nam  2200000   4500
=001 PCRD-H000027
=003 000030
=040 PCAARRD-DOST
=050 ##$aT SH400$bC47$c2001
=100 1000#$aCerezo, Rolando B.
=245 24500$aEffect of different types of shelter on the production of mud crab, Scylla serrata juveniles in concrete nursery tanks$cRolando B. Cerezo
=300 300##$a70 leaves$bwith non colored photos

