=LDR  00000nam  2200000   4500
=001 PCRD-H000028
=003 000031
=040 PCAARRD-DOST
=050 ##$aT SH167$bD5$c2003
=100 1000#$aDelos Trinos, Reynald A.
=245 24500$aTilapia production systems in Cagayan Valley: an analysis of profitability and technical efficiency$cReynald A. Delos Trinos, 
=300 300##$axxi, 153 leaves$bwith colored illustrations

