=LDR  00000nam  2200000   4500
=001 PCRD-H000029
=003 000032
=040 PCAARRD-DOST
=050 ##$aT SH334$bB49$c2001
=100 1000#$aBiyo, Josette Talamera
=245 24500$aCommunity structure, growth, and productivity of seagrasses in the coastal area of Tando, Nueva Valencia, Guimaras Island, Central Philippines$cJosette Talamera Biyo
=300 300##$axiv, 187 leaves$bwith colored photos

