=LDR  00000nam  2200000   4500
=001 PCRD-H000030
=003 000033
=040 PCAARRD-DOST
=050 ##$aT SH155.5$bE88$c1991
=100 1000#$aEstabillo, Cornelia C.
=245 24500$aFry production systems for Nile tilapia Oreochromis niloticus L.$cCornelia C. Estabillo
=300 300##$a74 leaves$bwith non colored illustrations

