=LDR  00000nam  2200000   4500
=001 PCRD-H000031
=003 000034
=040 PCAARRD-DOST
=050 ##$aT SH334 A48 1997$bA48$c1997
=100 1000#$aAlviola IV, Pedro A.
=245 24500$aTrade and exchange rate impacts on the Philippine fisheries sector$cPedro A. Alviola IV
=300 300##$a61 leaves

