=LDR  00000nam  2200000   4500
=001 PCRD-H000032
=003 000035
=040 PCAARRD- DOST
=050 ##$aT SH380.6$bB38$c1991
=100 1000#$aBautista Jr., Quntin M.
=245 24500$aEffect of aflatoxin on the growth and survival of the jumbo tiger shrimp (Penaeus monodon Fabricus)$cQuntin M. Bautista Jr.
=300 300##$axxii, 110 leaves$bwith some colored photos

