=LDR  00000nam  2200000   4500
=001 PCRD-H000033
=003 000036
=040 PCAARRD-DOST
=050 ##$aT SH380.6$bC35$c2005
=100 1000#$aCalpe, Adelaida Tisico
=245 24500$aAssessment of the impacts of probiotics in shrimp (Panaeus monodon Fabricius culture)$cAdelaida Tisico Calpe
=300 300##$axiv, 97 leaves$bwith colored photos

