=LDR  00000nam  2200000   4500
=001 PCRD-H000034
=003 000037
=040 PCAARRD-DOST
=050 ##$aT SH167$bA42$c1997
=100 1000#$aAlcañices, Marilyn M.
=245 24500$aTilapia cage culture and water quality in Lake Taal, Philippines$cMarilyn M. Alcañices
=300 300##$a51 leaves

