=LDR  00000nam  2200000   4500
=001 PCRD-H000035
=003 000038
=040 PCAARRD-DOST
=050 ##$aT TS1080$bS55$c1996
=100 1000#$aSiladan, Ma. Cielito Gregorio
=245 24500$aDiffusion dynamics of the handmade paper technology$cMa. Cielito Gregorio Siladan
=300 300##$axxv, 143 leaves$bwith non colored photos

