=LDR  00000nam  2200000   4500
=001 PCRD-H000036
=003 000039
=040 PCAARRD-DOST
=050 ##$aT QH541$bA23$c2012
=100 1000#$aAbaño, Tatiana Rose C.
=245 24500$aDispersal of Philippine eagles released in the forests of Mindanao, Philippines$cTatiana Rose C. Abaño,
=300 300##$axv, 122 leaves$bwith colored photos and illustrations

