=LDR  00000nam  2200000   4500
=001 PCRD-H000037
=003 000040
=040 PCAARRD-DOST
=050 ##$aT QH541.15$bC35$c2012
=100 1000#$aCagod, Beverly M.
=245 24500$aAvian species diversity in oil palm plantation of Agusan del Sur and Compostela Valley, Philippines$cBeverly M. Cagod
=300 300##$a60 leaves$bwith colored photos

