=LDR  00000nam  2200000   4500
=001 PCRD-H000038
=003 000041
=040 PCAARRD-DOST
=050 ##$aT SD425$bP36$c2011
=100 1000#$aPanganiban, Orlando Alejandro
=245 24500$aAssessment of the processe involved in watershed management plan formulation: the case if Kaliwa watershed$cOrlando Alejandro Panganiban
=300 300##$axii, 191 leaves$bwith colored illustrations

