=LDR  00000nam  2200000   4500
=001 PCRD-H000039
=003 000042
=040 PCAARRD-DOST
=050 ##$aT SD425$bE54$c2011
=100 1000#$aEngeay, Kathreena Ganab
=245 24500$aLand cover change and water yield of Silang-Santa Rosa river subwatershed, Laguna, Philippines$cKathreena Ganab Engeay
=300 300##$axi, 102 leaves$bwith colored photos and illustrations

