=LDR  00000nam  2200000   4500
=001 PCRD-H000040
=003 000043
=040 PCAARRD-DOST
=050 ##$aT SD424$bA28$c2010
=100 1000#$aAbucay, Edwin Rosell
=245 24500$aModeling the dynamics of geobiophysical factors and human activities as key influences in predicting rainfall-induced landslides in Infanta, Quezon, Philippines.$cEdwin Rosel lAbucay
=300 300##$axiii, 192 leaves$bwith colored photos

