=LDR  00000nam  2200000   4500
=001 PCRD-H000041
=003 000044
=040 PCAARRD-DOST
=050 ##$aT SH334$bE88$c1996
=100 1000#$aEsteban, Carmelo James
=245 24500$aPredictors of organizational commitment and viability in fisherfolk cooperatives$cCarmelo James Esteban
=300 300##$axx, 200 leaves$bwith non colored illustrations$c1996

