=LDR  00000nam  2200000   4500
=001 PCRD-H000042
=003 000045
=040 PCAARRD-DOST
=050 ##$aT TC530$bD33$c2012
=100 1000#$aDagoc, Frandel Louis Sudaria
=245 24500$aGIS-aided flood risk assessment of the low lying areas of Iponan River watershed Cagayan de Oro City, Philippines$cFrandel Louis Sudaria Dagoc
=300 300##$axix, 169 leaves$bwith colored photos and illustrations

