=LDR  00000nam  2200000   4500
=001 PCRD-H000043
=003 000046
=040 PCAARRD-DOST
=050 ##$aT QA76$bB37$c2010
=100 1000#$aBaracol, Dione Christian A.
=245 24500$aA web-based tool for generating dynamic web forms$cDione Christian A. Baracol
=300 300##$a35 leaves$bincludes non colored photos

