=LDR  00000nam  2200000   4500
=001 PCRD-H000044
=003 000047
=040 PCAARRD-DOST
=050 ##$aT P90$bV36$c1994
=100 1000#$aValbuena, Joyce Porciuncula
=245 24500$aWhat's behind a bulletin? Communication dynamics in the production of PCAARRD farmnews$cJoyce Porciuncula Valbuena
=300 300##$a109 leaves$bIncludes non colored photos

