=LDR  00000nam  2200000   4500
=001 PCRD-H000045
=003 000048
=040 PCAARRD-DOST
=050 ##$aT SB608.R5$bW35$c2013
=100 1000#$aWaing, Frodie Pascual
=245 24500$aCharacterization of a quantitative trait locus (QTL) for tungro resistance in rice (oryza sativa L.)$cFrodie Pascual Waing
=300 300##$axiv, 72 leaves$bwith colored photos

