=LDR  00000nam  2200000   4500
=001 PCRD-H000046
=003 000049
=040 PCAARRD-DOST
=050 ##$aT SH176$bB47$c2014
=100 1000#$aBernardo, Dora Fe H.
=245 24500$aCrown-of-thorns starfish (Acanthaster planci) population outbreak and its impact on the management of corla reef resources of hilapad reef fish sanctuary in Tolosa, Leyte, Philippines$cDora Fe H. Bernardo
=300 300##$axi, 153 leaves$bwith colored photos

