=LDR  00000nam  2200000   4500
=001 PCRD-H000047
=003 000050
=040 PCAARRD-DOST
=050 ##$aT HN49$bM68$c2011
=100 1000#$aMoscoso, Mildred O.
=245 24500$aPower and communication in the participatory upland development program in the Dampalit watershed of the Makiling forest reserve$cMildred O. Moscoso
=300 300##$axiii, 261 leaves

