=LDR  00000nam  2200000   4500
=001 PCRD-H000048
=003 000051
=040 PCAARRD-DOST
=050 ##$aT TC513$bS92$c2012
=100 1000#$aSuson, Peter D.
=245 24500$aThe impact of extreme rainfall and land use to flooding inside the Iligan River basin$cPeter D. Suson
=300 300##$axxviii, 309 leaves$bwith colored illustrations

