=LDR  00000nam  2200000   4500
=001 PCRD-H000049
=003 000052
=040 PCAARRD-DOST
=050 ##$aT SD397$bT47$c2014
=100 1000#$aTare, Joven Zapanta
=245 24500$aRooting performance of molave (Vitex parviflora A.Juss) cutting under various factors in non-mist propagation$cJoven Zapanta Tare
=300 300##$axvi, 94 leaves$bwith colored photos

