=LDR  00000nam  2200000   4500
=001 PCRD-H000050
=003 000053
=040 PCAARD-DOST
=050 ##$aT SH327.7$bV34$c2012
=100 1000#$aVedra, Sonnie Abragan
=245 24500$aAnalysis of the anthropogenic-based disturbances among the indigenous goby population in Mandulog River System, Northern Mindanao, Philippines$cSonnie Abragan Vedra
=300 300##$axxv, 264 leaves$bwith colored photos

