=LDR  00000nam  2200000   4500
=001 PCRD-H000051
=003 000054
=040 PCAARRD-DOST
=050 ##$aT HD1428$bM67$c2001
=100 1000#$aMosqueda, Narciso O.
=245 24500$aManagement of the international cooperation prograp of the Philippine Council for Agriculture, Forestry, and Natural Resources Research and Development$cNarciso O. Mosqueda
=300 300##$axv, 82 leaves$bwith non colored illustrations

