=LDR  00000nam  2200000   4500
=001 PCRD-H000052
=003 000055
=040 PCAARRD-DOST
=050 ##$aT SH328$bM37$c2012
=100 1000#$aMarquez, Gian Powell
=245 24500$aMethane production from anaerobic degredation of sea wrack$cGian Powell Marquez
=300 300##$axix, 152 leaves$bwith colored illustrations

