=LDR  00000nam  2200000   4500
=001 PCRD-H000053
=003 000056
=040 PCAARRD-DOST
=050 ##$aT SH391$bO78 $c2000
=100 1000#$aOrtiz, Ariel Teodoro
=245 24500$aGrowth and reproductive state of intertidal and subtidal Sargassum (Sargassaceae, Phaeophyta) populations in Bolinao, Pangasinan$cAriel Teodoro Ortiz
=300 300##$axvi, 84 leaves$bwith non colored illustrations

