=LDR  00000nam  2200000   4500
=001 PCRD-H000054
=003 000057
=040 PCAARRD-DOST
=050 ##$aT SH331.5$bM35$c1997
=100 1000#$aMancebo, Fay F.
=245 24500$aApplication of remote sensing and geographic information system technologies in the monitoring and assessment of the water quality of Laguna de Bay$cFay F. Mancebo
=300 300##$axv, 101 leaves$bwith colored photos

