=LDR  00000nam  2200000   4500
=001 PCRD-H000055
=003 000058
=040 PCAARRD-DOST
=050 ##$aT SH400.5$bL43$c1999
=100 1000#$aLebata, Ma. Junemie Hazel Leonida
=245 24500$aBacteria, elemental sulfur and stable carbon isotope ratios in the mangrove mud clam Anodontia Edentula (Linne, 1758)$cMa. Junemie Hazel Leonida Lebata
=300 300##$aviii, 65 leaves$bwith colored photos

