=LDR  00000nam  2200000   4500
=001 PCRD-H000056
=003 000059
=040 PCAARRD-DOST
=050 ##$aT SH177.B3$bB35$c2010
=100 1000#$aBallad, Emma Legaspi
=245 24500$aAntibacterial potential of some plant extracts against aquatic pathogens$cEmma Legaspi Ballad
=300 300##$axiii, 76 leaves$bwith colored photos

