=LDR  00000nam  2200000   4500
=001 PCRD-H000057
=003 000060
=040 PCAARRD-DOST
=050 ##$aT SB994.M5$bS37$c2010
=100 1000#$aSia, Aleli Jillian L.
=245 24500$aAssessment of a-Tocopherol protective potential against ethanol-induced dysmorphogenesis in the postimplantation ouse (Mus musculus) embryos$cAleli Jillian L. Sia
=300 300##$ax, 54 leaves$bwith colored photos

