=LDR  00000nam  2200000   4500
=001 PCRD-H000058
=003 000061
=040 PCAARRD-DOST
=050 ##$aT SF383$bM33$c2012
=100 1000#$aMacahilo, Reggie Mendoza
=245 24500$aIdentifcation of suitable goat production sites in Region X through geographic information syste (GIS)$cReggie Mendoza Macahilo
=300 300##$axv, 172 leaves$bwith colored photos

