=LDR  00000nam  2200000   4500
=001 PCRD-H000059
=003 000062
=040 PCAARRD-DOST
=050 ##$aT SF376.5$bJ86$c1995
=100 1000#$aJumadiao, Jaime S.
=245 24500$aEffect of feed restriction in ewes during the late stage of gestation on maternal and lamb blood glucose concentration$cJaime S. Jumadiao
=300 300##$axi, 69 leaves

