=LDR  00000nam  2200000   4500
=001 PCRD-H000060
=003 000063
=040 PCAARRD-DOST
=050 ##$aT SF481.7$bC43$c2011
=100 1000#$aClaveria, Jenny Nunag
=245 24500$aEffects of partial substitution of dietary fat with lysophospholipid on the performance of layers$cJenny Nunag Claveria
=300 300##$axiii, 91 leaves$bwith colored illustration

