=LDR  00000nam  2200000   4500
=001 PCRD-H000061
=003 000064
=040 PCAARRD-DOST
=050 ##$aT SH329$bO32$c2010
=100 1000#$aOcampo, Josefina N. Manuel
=245 24500$aComparative assessment of coral and fish communities inside and outside a marine protected area (MPA) Inverde Island, Batangas, Philippines$cJosefina N. Manuel Ocampo
=300 300##$axv, 119 leaves$bwith some colored photos and illustrations

