=LDR  00000nam  2200000   4500
=001 PCRD-H000062
=003 000065
=040 PCAARRD-DOST
=050 ##$aT SH328$bB65$c2005
=100 1000#$aBondoc, Lilian M. Guico
=245 24500$aAn assessment of Fisheries and Aquatic Resources Management Councils' (FARMCs) empowerment in Mariveles, Bataan, Philippines$cLilian M. Guico Bondoc
=300 300##$axxi, 267 leaves

