=LDR  00000nam  2200000   4500
=001 PCRD-H000063
=003 000066
=040 PCAARRD-DOST
=050 ##$aT SD356.6$bG74$c2014
=100 1000#$aGrefalda, Leizl Brogada
=245 24500$aResilience and adaptive strategies to weather-related disasters of a CBFM community in Ligao, Albay, Philippines$cLeizl Brogada Grefalda
=300 300##$axiii, 131 leaves$bwith colored photos and illustrations

