=LDR  00000nam  2200000   4500
=001 PCRD-H000064
=003 000067
=040 PCAARRD-DOST
=050 ##$aT SH399$bO43$c2015
=100 1000#$aOlano, Maria Jordana A.
=245 24500$aGrowth and survival of three scleractinian coral species artificial structures deployed inside and outside a marine protected area$cMaria Jordana A. Olano
=300 300##$avii, 40 leaves$bwith colored photos

