=LDR  00000nam  2200000   4500
=001 PCRD-H000065
=003 000068
=040 PCAARRD-DOST
=050 ##$aT SB231$bB33$c2012
=100 1000#$aBaer, Orlando Tabernilla
=245 24500$aMolecular markers associated to downy mildew [Peronosclerospora philippinensis (W. Weston) C.G. Shaw] resistance in sugarcane (Saccharum officinarum L.) hybrids (CP 57-604 X PHIL 84-77)$cOrlando Tabernilla Baer
=300 300##$axii, 68 leaves$bwith some colored photos

