=LDR  00000nam  2200000   4500
=001 PCRD-H000066
=003 000069
=040 PCAARRD-DOST
=050 ##$aT SH177$bV56$c2006
=100 1000#$aVillaluz, Elaine A.
=245 24500$aMonthly changes in biomass of green tide-causing species in an organically enriched site of Macajalar Bay, Misamis Oriental, Philippines$cElaine A. Villaluz
=300 300##$avi, 73 leaves$bwith non colored photos and illustrations

