=LDR  00000nam  2200000   4500
=001 PCRD-H000067
=003 000070
=040 PCAARRD-DOST
=050 ##$aT SH177$bY36$c2003
=100 1000#$aYap, Leni G.
=245 24500$aThe community composition and production of phytoplankton in fish pens of Cape Bolinao, Pangasinan$cLeni G. Yap
=300 300##$a58 leaves$bwith non colored illustrations

