=LDR  00000nam  2200000   4500
=001 PCRD-H000068
=003 000071
=040 PCAARRD-DOST
=050 ##$aT SH390$bF47$c1998
=100 1000#$aFerrer, Maria Salvacion Relleta
=245 24500$aEffects of salinity on three species of gracilaria cultured in tanks$cMaria Salvacion Relleta Ferrer
=300 300##$a72 leaves$bwith colored photos

