=LDR  00000nam  2200000   4500
=001 PCRD-H000069
=003 000072
=040 PCAARRD-DOST
=050 ##$aT SH137.3$b2001$cH86 
=100 1000#$aHumilde, Primo Merino
=245 24500$aGrowth, survival and net yield of milkfish Chanos chanos, Forskal (1775) reared in floating net cages at different stocking densities$cPrimo Merino Humilde
=300 300##$avi, 40 leaves$bwith non colored photo s and illustrations

