=LDR  00000nam  2200000   4500
=001 PCRD-H000070
=003 000073
=040 PCAARRD-DOST
=050 ##$aT SH336$bG84$c1992
=100 1000#$aGuerra, Meannie Relayson
=245 24500$aStudies on tinapayan - an indigenouse fish ferment in Central Mindanao$cMeannie Relayson Guerra
=300 300##$axiv, 122 leaves$bwith non colored photos and illustrations

