=LDR  00000nam  2200000   4500
=001 PCRD-H000071
=003 000074
=040 PCAARRD-DOST
=050 ##$aT SH167$bD45$c2013
=100 1000#$aDenusta, Pastore Jones T.
=245 24500$aReproductive biology of the silver perch Leiopotherapon Plumbeus in Taal and Sampaloc Lakes South Luzon. Philippines$cPastore Jones T. Denusta
=300 300##$axx, 252 leaves$bwith colored photos and illustrations

