=LDR  00000nam  2200000   4500
=001 PCRD-H000072
=003 000075
=040 PCAARRD-DOST
=050 ##$aT SD397$bQ85$c2011
=100 1000#$aQuilang, Reynald M.
=245 24500$aEffects of endomycorrhizal inoculation on the growth and survival of Jatropha curcas L., Acacia mangium Willd. And Casuarina equisetifolia (L.) J.R. & G. Forst seedlings in nickel-mined soil in Southern Palawan, Philippines$cReynald M. Quilang
=300 300##$axvi, 190 leaves$bwith colored photos

