=LDR  00000nam  2200000   4500
=001 PCRD-H000073
=003 000076
=040 PCAARRD-DOST
=050 ##$aT SF780.2$bD44$c2014
=100 1000#$aDela Cruz, Ma. Cynthia Nalda Rundina
=245 24500$aMolecular detection of shiga toxin, intimin, and hemolysin of Eschericia coli O157 in the fecal samples of native pigs (Sus scrofa domesticus Erxleben), goats (Capra hircus L.) and cattle (Bos taurus L.) from selected farms in Cavite, Philippines a
=300 300##$axvi, 138 leaves$bwith colored photos

