=LDR  00000nam  2200000   4500
=001 PCRD-H000074
=003 000077
=040 PCAARRD-DOST
=050 ##$aT SH389.4$bA27$c2012
=100 1000#$aAaron, Jesrelljane J.
=245 24500$aEffects of varying copper concentrations on photosynthesis of Gracilaria Salicornia Agardh (Gracilariaceae) and Padina Sanctae-Crusis Borgesen (Dictyotaceae)$cJesrelljane J. Aaron
=300 300##$aviii,  62 leaves$bwith colored photos

