=LDR  00000nam  2200000   4500
=001 PCRD-H000075
=003 000078
=040 PCAARRD-DOST
=050 ##$aT S994.5$bC35$c2013
=100 1000#$aCalzeta, Eduardo Corona
=245 24500$aDevelopment of flood risk assessment tool and early warning system for the municipality of Bay, Laguna, Philippines$cEduardo Corona Calzeta
=300 300##$axxiii, 273 leaves$bwith colored photos and illustrations

