=LDR  00000nam  2200000   4500
=001 PCRD-H000076
=003 000080
=040 PCAARRD-DOST
=050 ##$aT SB608$bB44$c2013
=100 1000#$aBelen, Glenrose Bobis
=245 24500$aAnalysis of biological and molecular variatinos, and characterization of nuclear inclusion B (Nib) gene in the Philippine Papaya ringspot virus (PRSV) isolates$cGlenrose Bobis Belen
=300 300##$axvi, 122 leaves $bwith some colored photos

