=LDR  00000nam  2200000   4500
=001 PCRD-H000077
=003 000081
=040 PCAARRD-DOST
=050 ##$aT SH 399$bC38$c2014
=100 1000#$aCatalma, Ma. Neda Alcudia
=245 24500$aDNA barcodingof economically important Philippine sea cucumbers (Holothuroidea)$cMa. Neda Alcudia Catalma
=300 300##$axiii, 101 leaves$bwith colored photos and illustrations

