=LDR  00000nam  2200000   4500
=001 PCRD-H000079
=003 000083
=040 PCAARRD-DOST
=050 ##$aT SB121.54$bT54$c2012
=100 1000#$aToledo, Anna Mariel Umali
=245 24500$aMaker-assisted selection for tolerance to anaerobic germination and submergence in rice (Oryza sativa L.)$cAnna Mariel Umali Toledo
=300 300##$axi, 62 leaves$bwith non colored illustrations

