=LDR  00000nam  2200000   4500
=001 PCRD-H000080
=003 000085
=040 PCAARRD-DOST
=050 ##$aT T65.5$bR47$c2015
=100 1000#$aResuello, Rubiriza Dela Cruz
=245 24500$aEvaluation of the technopreneurial learning projects implemented by selected state university and colleges in the Philippines$cRubiriza Dela Cruz Resuello
=300 300##$axi, 195 leaves

