=LDR  00000nam  2200000   4500
=001 PCRD-H000081
=003 000086
=040 PCAARRD-DOST
=050 ##$aT SH331.5.S74$bR48$c2014
=100 1000#$aReyes, Tomas D.
=245 24500$aLandslide and sedimentation modeling in Wahig-Inabanga Watershed, Bohol, Philippines$cTomas D. Reyes
=300 300##$axix, 366 leaves$bwith colored photos and illustrations

