=LDR  00000nam  2200000   4500
=001 PCRD-H000082
=003 000087
=040 PCAARRD-DOST
=050 ##$aT S540.E25$bS63$c2015
=100 1000#$aSobreviñas, Procy Borel
=245 24500$aImpact of technological change on regional agricultural productivity growth convergence in the Philippines$cProcy Borel Sobreviñas
=300 300##$axv, 188 leaves$bwith colored illustrations

