=LDR  00000nam  2200000   4500
=001 PCRD-H000083
=003 000088
=040 PCAARRD-DOST
=050 ##$aT QH541.15.E265$bP36$c2013
=100 1000#$aPanuncial, Mylene M.
=245 24500$aDisease prevalence of scleractinian corals on selected reefs of Iligan Bay$cMylene M. Panuncial
=300 300##$axii, 62 leaves$bwith colored photos

