=LDR  00000nam  2200000   4500
=001 PCRD-H000084
=003 000089
=040 PCAARRD-DOST
=050 ##$aT SF408.6.C47$bR67$c2011
=100 1000#$aRoque, Mary Anne A.
=245 24500$aThe short-term impact of cetacean watching on the behavior of spinner dolphins (Stenella longirostris) in Southern Tañon Strait$cMary Anne A. Roque
=300 300##$axi, 70 leaves$bwith colored photos

