=LDR  00000nam  2200000   4500
=001 PCRD-H000085
=003 000090
=040 PCAARRD-DOST
=050 ##$aT QH541.5.S3$bA43$c2009
=100 1000#$aAlabia, Irene D.
=245 24500$aUpwelling process and gyral circulation patterns in the eastern and western areas of the Philippines$cIrene D. Alabia
=300 300##$axiv, 115 leaves$bwith colored illustrations

