=LDR  00000nam  2200000   4500
=001 PCRD-H000086
=003 000091
=040 PCAARRD-DOST
=050 ##$aT SH163$bL47$c2015
=100 1000#$aLeriorato, Janice C.
=245 24500$aPatterns of juvenile fish assemblage in seagrass beds along mariculture-induced nutrient gradient in Bolinao, Northwestern Philippines$cJanice C. Leriorato
=300 300##$axiv, 88 leaves$bwith colored photos

