=LDR  00000nam  2200000   4500
=001 PCRD-H000087
=003 000092
=040 PCAARRD-DOST
=050 ##$aT QL384H7$bC35$c2015
=100 1000#$aCalagui, Laurence Buque
=245 24500$aCommunity structure and resources potential of sea cucumbers in selected sites of Iligan Bay and Murcielagos Bay$cLaurence Buque Calagui
=300 300##$axiii, 102 leaves$bwith colored photos and illustrations

