=LDR  00000nam  2200000   4500
=001 PCRD-H000088
=003 000093
=040 PCAARRD-DOST
=050 ##$aT SB269$bI33$c2015
=100 1000#$aBao-Idang, Conrado C.
=245 24500$aSustainability of Arabica coffee (coffea arabica L.) - based agroforestry system in Atok, Benguet province, Philippines$cConrado C. Bao-Idang
=300 300##$axxxi, 292 leaves$bwith colored photos

