=LDR  00000nam  2200000   4500
=001 PCRD-H000089
=003 000094
=040 PCAARRD-DOST
=050 ##$aT SF401.W34$bT33$c2015
=100 1000#$aTadeo, Norbeto N.
=245 24500$aEffects of moringa supplementation on nutrient digestability, metabollic hormones, milk yield and quality of murrah buffalo$cNorbeto N. Tadeo
=300 300##$axv, 108 leaves$bwith some colored illustrations

