=LDR  00000nam  2200000   4500
=001 PCRD-H000090
=003 000095
=040 PCAARRD-DOST
=050 ##$aT SH373.52.P6$bB47$c2015
=100 1000#$aBersales, Elbern R.
=245 24500$aFood preference and consumption rate of the Indo-Pacific trumpet shell Charonia tritonis (Linnaeus, 1758) (Family Ranellidae) under laboratory conditions$cElbern R. Bersales
=300 300##$aix, 38 leaves$bwith colored photos

