=LDR  00000nam  2200000   4500
=001 PCRD-H000091
=003 000096
=040 PCAARRD-DOST
=050 ##$aT SH380.47.S39$bK58$c2012
=100 1000#$aKitche, Meliusa Marie Namoc
=245 24500$aVariation in prey preferences of the orange mud crab (Scylla olivacea Herbst, 1796) between fringe and riverine mangrove habitats in Catanuan and Pagbilao, Quezon, Philippines$cMeliusa Marie Namoc Kitche
=300 300##$axiv, 122 leaves$bwith colored photos

