=LDR  00000nam  2200000   4500
=001 PCRD-H000092
=003 000097
=040 PCAARRD-DOST
=050 ##$aT QK568.M52$bS23$c2014
=100 1000#$aSaco, Jayvee Abelaña
=245 24500$aPhotosynthetic responses of macroalgae from Bolinao, Pangasinan, Philippines in relation to thallus morphology and diel periodicity$cMeliusa Marie Namoc Kitche
=300 300##$axi, 74 leaves

