=LDR  00000nam  2200000   4500
=001 PCRD-H000093
=003 000098
=040 PCAARRD-DOST
=050 ##$aT SH117.P6$bP35$c2017
=100 1000#$aPalla, Herminie P.
=245 24500$aAge, growth, mortality, reproduction, and diet of brownstripe snapper Lutjanus vitta(Quoy and Giamar, 1824) from West Sulu Sea, Philippines$cHerminie P. Palla
=300 300##$axii, 129 leaves$bwith colored photos

