=LDR  00000nam  2200000   4500
=001 PCRD-H000094
=003 000100
=040 PCAARRD-DOST
=050 ##$aT TD769.4$bS63$c2016
=100 1000#$aSobremisana, Marisa Jovellanos
=245 24500$aEfficiency of swine manure anaerobic digester and its implications to greenhouse gas emission$cMarisa Jovellanos Sobremisana
=300 300##$aviii, 84 leaves$bwith non colored photos

