=LDR  00000nam  2200000   4500
=001 PCRD-H000095
=003 000101
=040 PCAARRD-DOST
=050 ##$aT QK935$bL36$c2015
=100 1000#$aLampad, Aime P.
=245 24500$aSpatial variability of phyoplankton assemblages during the intermonsoon in Baler Bay, outer and inner Casiguran Sound, Aurora, Northereastern Philippines$cAime P. Lampad
=300 300##$axviii, 126 leaves$bwith colored illustrations

