=LDR  00000nam  2200000   4500
=001 PCRD-H000096
=003 000102
=040 PCAARRD-DOST
=050 ##$aT S494.A45$bL35$c2016
=100 1000#$aLalican, Engelbert Delos Reyes 
=245 24500$aAssessment of ecosystem services of agroforestry systems in selected community-based forest management (CBFM) areas in Laguna, Philippines$cEngelbert Delos Reyes Lalican
=300 300##$axx, 240 leaves$bwith colored photos and illustrations

