=LDR  00000nam  2200000   4500
=001 PCRD-H000097
=003 000103
=040 PCAARRD-DOST
=050 ##$aT SD397.G56$bV35$c2016
=100 1000#$aVallesteros, Shierel Fabia
=245 24500$aSpecification of gmelina (Gmelina arborea Roxb.) ideotypes based on farmer and land charactersitics$cShierel Fabia Vallesteros
=300 300##$axx, 164 leaves$bwith colored photos and some colored illustrations

