=LDR  00000nam  2200000   4500
=001 PCRD-H000098
=003 000104
=040 PCAARRD-DOST
=050 ##$aT QL638.S5$bA77$c2013
=100 1000#$aArreglado, Necta Fewee Kitche
=245 24500$aInter- and intraspecific shape variation of the vermiculated spinefoot Siganus vermiculatus, Valencennes, 1835 (Pisces: Siganidae) from Mindanao, Philippines$cNecta Fewee Kitche Arreglado
=300 300##$axv, 119 leaves$bwith some colored photos and illustrations

