=LDR  00000nam  2200000   4500
=001 PCRD-H000099
=003 000105
=040 PCAARRD-DOST
=050 ##$aT HD9750$bM36$c1995
=100 1000#$aMangabat, Cecilia Balagtas
=245 24500$aPerformance evaluation of the marketing system for rattan poles in selected sites in the province of Isabela$cCecilia Balagtas Mangabat
=300 300##$axvi, 107 leaves$bwith non colored illustrations

