=LDR  00000nam  2200000   4500
=001 PCRD-H000100
=003 000106
=040 PCAARRD-DOST
=050 ##$aT T174.3$bG84$c2017
=100 1000#$aGueco, Abigail Flores
=245 24500$aThe Philippine technology transfer act of 2009 and its implications on techn ology generation and commercialization program of PCAARRD$cAbigail Flores Gueco
=300 300##$axii, 143 leaves$bwith colored photos

