=LDR  00000nam  2200000   4500
=001 PCRD-H000101
=003 000107
=040 PCAARRD-DOST
=050 ##$aT SB379.M2$bU34$c1999
=100 1000#$aUmali, Bethilda Estrada
=245 24500$aKnowledge and practice of and attitude toward mango (Mangifera indica L.) technology among producers in Luzon, Philippines$cBethilda Estrada Umali
=300 300##$axxv, 327 leaves

