=LDR  00000nam  2200000   4500
=001 PCRD-H000102
=003 000108
=040 PCAARRD-DOST
=050 ##$aT QH541.15.G46$bT53$c2014
=100 1000#$aTiczon, Victor S.
=245 24500$aMicrohabitat use of juvenile reef fish and its implications in the use of remote sensing techniques in delineating optimal reef fish habitats$cVictor S. Ticzon
=300 300##$axx, 199 leaves$bwith some colored photos and illustrations

