=LDR  00000nam  2200000   4500
=001 PCRD-H000103
=003 000109
=040 PCAARRD-DOST
=050 ##$aT QL638.S5$bA54$c2013
=100 1000#$aAngeles, Anabelle Dece Jurado
=245 24500$aShape variation of the orange spotted spinefoot Siganus guttatus Bloch, 1787 (Pisces: Siganidae) with implications to broodstock selection$cAnabelle Dece Jurado Angeles
=300 300##$axvi, 117 leaves$bwith some colored photos

