=LDR  00000nam  2200000   4500
=001 PCRD-H000104
=003 000110
=040 PCAARRD-DOST
=050 ##$aT SH380.62.P6$bG33$c2014
=100 1000#$aGabe, Mapet Gal M.
=245 24500$aLength-weight and fecundity characteristics of fishery catch of snapping shrimps Alpheus microrhynchus De Man, 1897 in Calape, Bohol Province$cMapet Gal M. Gabe
=300 300##$ax, 101 leaves$bwith colored photos

