=LDR  00000nam  2200000   4500
=001 PCRD-H000105
=003 000111
=040 PCAARRD-DOST
=050 ##$aT SB608.R5$bB83$c2012
=100 1000#$aBudot, Bernard Orense
=245 24500$aRelationship among symptom severity, virus aaccumulation and host gene regulation in Oryza glaberrima Steud. Infected with Ric tungro spherical virus$cBernard Orense Budot
=300 300##$axii, 82 leaves$bwith colored photos

