=LDR  00000nam  2200000   4500
=001 PCRD-H000106
=003 000112
=040 PCAARRD-DOST
=050 ##$aT SH373.52.P6$bR67$c2015
=100 1000#$aRosales, Raamah C.
=245 24500$aMorphometric analysis of shell variations and occurrences of the Indopacific trumpet shell, Charonia tritonis (Linnaeus, 1758) (family ranellidae), in Philippines$cRaamah C. Rosales
=300 300##$avi, 45 leaves$bwith colored photos

