=LDR  00000nam  2200000   4500
=001 PCRD-H000107
=003 000113
=040 PCAARRD-DOST
=050 ##$aT SH373.52.P6$bR67$c2015
=100 1000#$aDe Venecia, Mary Bernadette B.
=245 24500$aEvaluating age-based techniques in understanding rhizome growth dynamics of Enhalus acoroides (L.f.) Royle in a muddy environment$cMary Bernadette B. De Venecia
=300 300##$axxi, 186 leaves$bwith colored photos and illustrations

