=LDR  00000nam  2200000   4500
=001 PCRD-H000108
=003 000114
=040 PCAARRD-DOST
=050 ##$aT SB351.E5$bC34$c2012
=100 1000#$aCagulat, Xavier Greg I.
=245 24500$aGenetic diversity analysis of eggplant (Solanum melongena L.) and related wild species in the Philippines using morphological and ssr markers$cXavier Greg I. Cagulat
=300 300##$aix, 72 leaves$bwith non colored photos

