=LDR  00000nam  2200000   4500
=001 PCRD-H000109
=003 000115
=040 PCAARRD-DOST
=050 ##$aT SB608.C28$bG37$c2015
=100 1000#$aGarcia, Alejandra Monteroso
=245 24500$aCombined application of fungal antagonists and chitosan fusarium wilt of abaca (Musa Textilis Nee) caused by Fusarium Oysporum F. SP. Cubense (E. F. Smith) Snyder & Hansen$cAlejandra Monteroso Garcia
=300 300##$aii, 78 leaves$bwith colored photos

