=LDR  00000nam  2200000   4500
=001 PCRD-H000110
=003 000116
=040 PCAARRD-DOST
=050 ##$aT S542.P6$bC33$c2015
=100 1000#$aCabello, Diana Rose P.
=245 24500$aAssessment of science and technology-based farm (stbf) projects in Central Luzon, Philippines$cDiana Rose P. Cabello
=300 300##$axi, 132 leaves$bwith colored illustrations

