=LDR  00000nam  2200000   4500
=001 PCRD-H000111
=003 000117
=040 PCAARRD-DOST
=050 ##$aT TD313.P6$bA68$c2013
=100 1000#$aAquino, Dakila Delos Triños
=245 24500$aPredicting the discharge rate contribution of the Binuwang Watershed to the Agos River, Philippines$cDakila Delos Triños Aquino
=300 300##$aviii, 50 leaves$bwith colored photos

