=LDR  00000nam  2200000   4500
=001 PCRD-H000112
=003 000118
=040 PCAARRD-DOST
=050 ##$aT SF384.5$bU53$c2013
=100 1000#$aUndong, Manan E.
=245 24500$aBio-economic model of halal goat production system in the province of Maguindanao, Autonomous Region in Muslim Mindanao, Philippines$cUniversity of the Philippines Los Baños
=300 300##$axvi, 141 leaves$bwith colored photos

