=LDR  00000nam  2200000   4500
=001 PCRD-H000113
=003 000155
=040 PCAARRD-DOST
=050 ##$aT SB994.R2$bD58$c1978
=100 1000#$aDizon, Romeo C.
=245 24500$aDiffusion of a rat control innovation among Masagana 99 farmers in Laguna, Philippines$cRomeo C. Dizon
=300 300##$axiv, $b69 leaves$cwith non colored illustration

