=LDR  00000nam  2200000   4500
=001 PCRD-H000114
=003 000160
=040 PCAARRD-DOST
=050 ##$aT SH167$bA53$c0213
=100 1000#$aAndam, Michael B.
=245 24500$aGrowth performance of 30-day pos thatch and 45-day post hatch Siganus guttatus (Bloch, 1787) at three stocking densities in pond based conditions$cMichael B. Andam
=300 300##$axvi, 76 leaves$bwith colored photo

