=LDR  00000nam  2200000   4500
=001 PCRD-H000121
=100 1000#$atest
=245 24500$atest

