=LDR  00000nam  2200000   4500
=001 PCRD-H000129
=003 000162
=040 PCAARRD-DOST
=050 ##$aT QH541.5.E8$bG33$c1985
=100 1000#$aGacutan, Maria Vicenta C.
=245 24500$aThe isolation, culture and screening of estuarine fungi by semi-solid fermentation of some agricultural wastes for feed supplements$cMaria Vicenta C. Gacutan
=300 300##$axiv, 136 leaves$bwith some colored photos

