=LDR  00000nam  2200000   4500
=001 PCRD-H000134
=003 000164
=040 PCAARRD-DOST
=050 ##$aT SB951.145.C65$bR66$c1985
=100 1000#$aRola, Agnes C.
=245 24500$aAn economic analysis of farm level impacts of pesticide use regulations$cAgnes C. Rola
=300 300##$axv, 198 leaves

