=LDR  00000nam  2200000   4500
=001 PCRD-H000135
=003 000165
=040 PCAARRD-DOST
=050 ##$aT S561$bT161$c1981
=100 1000#$aTapawan, Zenaida G.
=245 24500$aEconomics of farming systems in the upland areas of Hamtic, Antique Philippines$cZenaida G. Tapawan
=300 300##$axvii, 194 leaves$bwith non colored illustrations

