=LDR  00000nam  2200000   4500
=001 PCRD-H000136
=003 000166
=040 PCAARRD-DOST
=050 ##$aT S561$bC64$c1972
=100 1000#$aColanta, Francisco Honorio
=245 24500$aAn agribusiness study of the beef catlle operations of the ANSA cattle and crop farm, inc. at Laconon, Surallah, South Cotabato$cFrancisco Honorio Colanta
=300 300##$axxii, 273 leaves

