=LDR  00000nam  2200000   4500
=001 PCRD-H000137
=003 000167
=040 PCAARRD-DOST
=050 ##$aT SB191.R5$bT32$c1982
=100 1000#$aTabelin, Evelyn B.
=245 24500$aInfluence of tillage, rate of seeding and weed control on wet-seeded rice$cEvelyn B. Tabelin
=300 300##$axv, 128 leaves$bwith colored photos

