=LDR  00000nam  2200000   4500
=001 PCRD-H000138
=003 000168
=040 PCAARRD-DOST
=050 ##$aT SH165.F6$bH47$c1981
=100 1000#$aHernando, Aniceto Mendoza Jr.
=245 24500$aContributions to the taxonomy and biology of Formio Niger (Bloch) in Lingayen Gulf$cAniceto Mendoza Hernando Jr.
=300 300##$axv, 103 leaves$bwith colored photos and non colored illustrations

