=LDR  00000nam  2200000   4500
=001 PCRD-H000139
=003 000169
=040 PCAARRD-DOST
=050 ##$aT S661$bV36$c2011
=100 1000#$aVallejera, Clea Anne Espanola
=245 24500$aCharacterization and nutrient content analysis of various organic amendments used for vegetable production$cClea Anne Espanola Vallejera
=300 300##$axv, 132 leaves$bwith colored photos

