=LDR  00000nam  2200000   4500
=001 PCRD-H000141
=003 000170
=040 PCAARRD-DOST
=050 ##$aT SH328.M37$bR43$c2013
=100 1000#$aRecamara, Denmark B.
=245 24500$aSpatio-temporal patterns in trophic structure of fish communities in selected marine protected areas in Iligan Bay$cDenmark B. Recamara
=300 300##$aix, 100 leaves$bwith colored photos

