=LDR  00000nam  2200000   4500
=001 PCRD-H000143
=003 000171
=040 PCAARRD-DOST
=050 ##$aT S597.F75$bE83$c1975
=100 1000#$aEscaño, Crisanto R.
=245 24500$aSoil volume, fertilizer and water requirements of grapes$cCrisanto R. Escaño
=300 300##$ax, 62 leaves

