=LDR  00000nam  2200000   4500
=001 PCRD-H000145
=003 000172
=040 PCAARRD-DOST
=050 ##$aT S623$bH34$c1996
=100 1000#$aHafner, James Arthur Habana
=245 24500$aSoil conservation adoption within the poverty ratchet$ba case of contour hedgerow intercropping in the upland Philippines$cJames Arthur Habana Hafner
=300 300##$avi, 282 leaves

