=LDR  00000nam  2200000   4500
=001 PCRD-H000146
=003 000174
=040 PCAARRD-DOST
=050 ##$aT SD360.P5$bB94$c1978
=100 1000#$aBueno, Pedro B.
=245 24500$aCommunication elements in the Batangas reforestation movement$cPedro B. Bueno
=300 300##$axxi, 152 leaves

