=LDR  00000nam  2200000   4500
=001 PCRD-H000147
=003 000175
=040 PCAARRD-DOST
=050 ##$aT SF557$bN37$c1984
=100 1000#$aNaranja, Leonido R.
=245 24500$aEndogenous levels of auxin-like and abscisic acid-like substances, nitrogen, sugar and starch and their relationship to rooting of mulberry [Morus Alba L.] stem cuttings$cLeonido R. Naranja
=300 300##$axvi, 83 leaves$bwith non colored photos

