=LDR  00000nam  2200000   4500
=001 PCRD-H000148
=003 000177
=040 PCAARRD-DOST
=050 ##$aT SH331.S7$bR66 $c1986
=100 1000#$aRomero, Filemon G.
=245 24500$aA study of the variations of transparency (Coefficient of Extinction) of light in Tumindao Channel$cFilemon G. Romero
=300 300##$avi, 184 leaves$bwith non colored illustrations

