=LDR  00000nam  2200000   4500
=001 PCRD-H000149
=003 000178
=040 PCAARRD-DOST
=050 ##$aT SF203$bD34$c1969
=100 1000#$aDagdagan, Napoleon M.
=245 24500$aEffect of energy level, diethylstilbesterol and slaughter weight on carcass gain, carcass yield and composition of Philippine steers$cNapoleon M. Dagdagan
=300 300##$axii, 65 leaves

