=LDR  00000nam  2200000   4500
=001 PCRD-H000150
=003 000179
=040 PCAARRD-DOST
=050 ##$aT HD9275$bO28$c1983
=100 1000#$aOctura, Sylvia R.
=245 24500$aThe MSU-New Zealand dairy project (a case study)$cSylvia R. Octura
=300 300##$a87 leaves

