=LDR  00000nam  2200000   4500
=001 PCRD-H000151
=003 000180
=040 PCAARRD-DOST
=050 ##$aT S494.5.C6$bC37$c1987
=100 1000#$aCastroverde, Jacob M.
=245 24500$aSocial and demographic determinants of the wetland rice farmers' adoption of the masagana-99$cJacob M. Castroverde
=300 300##$a269 leaves$bwith non colored illustrations

