=LDR  00000nam  2200000   4500
=001 PCRD-H000152
=003 000181
=040 PCAARRD-DOST
=050 ##$aT S603$bT56$c1984
=100 1000#$aTimsina, Jagadish
=245 24500$aEffects of indeterminate cowpea (Vigna Unguicilata (L) Walp) varieties on the succeeding crop of dry seeded rice$cJagadish Timsina
=300 300##$axxi, 180 leaves

