=LDR  00000nam  2200000   4500
=001 PCRD-H000153
=003 000182
=040 PCAARRD-DOST
=050 ##$aT 934.P5$bC87$c2003
=100 1000#$aCustodio, Athena A.
=245 24500$aLocal community responses to the training on participatory landscape - lifescape appraisal for natural resources management in Lantapan, Bukidnon, Philippines$cAthena A. Custodio
=300 300##$a115 leaves$bwith non colored illustrations

