=LDR  00000nam  2200000   4500
=001 PCRD-H000154
=003 000183
=040 PCAARRD-DOST
=050 ##$aT HD9433$bB65$c1970
=100 1000#$aBoloron, Lamberto B.
=245 24500$aCattle and feed resource survey and development plan for the cattle industry of Bukidnon$cLamberto B. Boloron
=300 300##$axxv, 202 leaves

