=LDR  00000nam  2200000   4500
=001 PCRD-H000155
=003 000184
=040 PCAARRD-DOST
=050 ##$aT SH167.A67$bR53$c2004
=100 1000#$aRicafrente, Jeffrey Vallejos
=245 24500$aTechno-managerial study of water quality test kit of the freshwater aquarium fish culture technology$cJeffrey Vallejos Ricafrente
=300 300##$a64 leaves$bwith colored photos

