=LDR  00000nam  2200000   4500
=001 PCRD-H000156
=003 000185
=040 PCAARRD-DOST
=050 ##$aT SB379.M2$bA53$c1980
=100 1000#$aAndam, Carlos J.
=245 24500$aEffects of preharvest ethephon application on fruit retention, maturation and quality of carabao mango (Mangifera indica L.)$cCarlos J. Andam
=300 300##$axxvii, 116 leaves

