=LDR  00000nam  2200000   4500
=001 PCRD-H000157
=003 000186
=040 PCAARRD-DOST
=050 ##$aT SH390$bA45$c2004
=100 1000#$aAming, Nuruddin A.
=245 24500$aParticipation of Filipino Muslim women in seaweed farming in Sitangkal, Tawi-Tawi, Philippines$cNuruddin A. Aming
=300 300##$axii, 129 leaves$bwith non colored illustration

