=LDR  00000nam  2200000   4500
=001 PCRD-H000158
=003 000188
=040 PCAARRD-DOST
=050 ##$aT SB191.M2$bB39$c2011
=100 1000#$aBautista, Maria Alma B.
=245 24500$aGenetic variability and inter-relationship among traits for drought tolerance in maize (zea mays L.)$cMaria Alma B. Bautista
=300 300##$axix, 183 leaves

