=LDR  00000nam  2200000   4500
=001 PCRD-H000159
=003 000189
=040 PCAARRD-DOST
=050 ##$aT SB191.R5$bF46$c2011
=100 1000#$aFelisilda, Miralona A.
=245 24500$aInfluence of water management and number of seedlings per hill on the growth and yield of lowland rich$cMiralona A. Felisilda
=300 300##$axvi, 78 leaves

