=LDR  00000nam  2200000   4500
=001 PCRD-H000160
=003 000190
=040 PCAARRD-DOST
=050 ##$aT SF95$bV36$c2011
=100 1000#$aValleser, Arnold Capin
=245 24500$aEffect of bypass protein supplementation on defaunated sheep (ovis aries l.) fed napier grass (pennisetum purpuream schumach)$cArnold Capin Valleser
=300 300##$axiv, 132 leaves$bwith colored photos

