=LDR  00000nam  2200000   4500
=001 PCRD-H000161
=003 000191
=040 PCAARRD-DOST
=050 ##$aT SF95$bA42$c1991
=100 1000#$aAlao, Simplicio Jusay Jr.
=245 24500$aCoconut oil as supplementary energy source in broiler and layer diets$cSimplicio Jusay Alao Jr.
=300 300##$axv, 125 leaves

