=LDR  00000nam  2200000   4500
=001 PCRD-H000162
=003 000192
=040 PCAARRD-DOST
=050 ##$aT SH167.C37$bP35$c2004
=100 1000#$aPalma, Adelaida L.
=245 24500$aEvaluation of the growth, survival and feed conversion rates of in-bred progenies of four strains of common carp (cyprinus carpio carpio) in cages$cAdelaida L. Palma
=300 300##$axvi, 109 leaves$bwith colored photos

