=LDR  00000nam  2200000   4500
=001 PCRD-H000163
=003 000193
=040 PCAARRD-DOST
=050 ##$aT SF95$bM55$c1969
=100 1000#$aMillamena, Andresito A.
=245 24500$aThe nutrient composition, digestibility and nitrogen retention by sheep of four vacuum-ensiled grasses$cAndresito A. Millamena
=300 300##$a75 leaves

