=LDR  00000nam  2200000   4500
=001 PCRD-H000164
=003 000194
=040 PCAARRD-DOST
=050 ##$aT SH157.8.N87$bB33$c2000
=100 1000#$aBacaltos, Della Grace G.
=245 24500$aNutrient behavior, primary production, and infauna in a river system with inputs from fishpond effluents$cDella Grace G. Bacaltos
=300 300##$axiii, 151 leaves$bwith non colored illustrations

