=LDR  00000nam  2200000   4500
=001 PCRD-H000165
=003 000195
=040 PCAARRD-DOST
=050 ##$aT S596.7$bB33$c1980
=100 1000#$aBabiera, Victorcito V.
=245 24500$aResponse of rice to zinc and phosphorus in flooded soils$cVictorcito V. Babiera
=300 300##$axv, 74 leaves$bwith colored photos

