=LDR  00000nam  2200000   4500
=001 PCRD-H000166
=003 000196
=040 PCAARRD-DOST
=050 ##$aT SB380.62.A7$bE82$c1983
=100 1000#$aEscritor, Florence M.
=245 24500$aGrowth and survival of Artemia salina L. given naturan and artificial feeds$cFlorence M. Escritor
=300 300##$aiv, 45 leaves

