=LDR  00000nam  2200000   4500
=001 PCRD-H000167
=003 000197
=040 PCAARRD-DOST
=050 ##$aT SH167.S4$bA93$c1984
=100 1000#$aAvance, Lea L.
=245 24500$aEvaluation of different food types on the growth and survival of pond-reared seaperch Lates calcarifer$cLea L. Avance
=300 300##$axi, 58 leaves$bwith non colored illustrations

