=LDR  00000nam  2200000   4500
=001 PCRD-H000169
=003 000198
=040 PCAARRD-DOST
=050 ##$aT SH329.F56$bP36$c2012
=100 1000#$aPan, Marianne Sallador
=245 24500$aTrends of crown-of-thorns [Acanthaster planci (L.)] outbreaks in the Indo-Pacific Region: a case study in Tubbataha Reefs Natural Park, Sulu, Philippines$cMarianne Sallador Pan
=300 300##$axii, 82 leaves$bwith colored illustrations

