=LDR  00000nam  2200000   4500
=001 PCRD-H000173
=003 000199
=040 PCAARRD-DOST
=050 ##$aT SH157.8.D36$bC37$c1994
=100 1000#$aCarumbana, Esther E.
=245 24500$aThe limnology and fish populations of La Mesa  reservoir, Quezon City, Philippines$cEsther E. Carumbana
=300 300##$axv, 121 leaves$bwith non colored photos

