=LDR  00000nam  2200000   4500
=001 PCRD-H000175
=003 000200
=040 PCAARRD-DOST
=050 ##$aT SH153.G76$bA42$c1995
=100 1000#$aAlava, Moonyeen Nida Ramos
=245 24500$aEgg and larval development of two grouper species (Perciformes: Serranidae) in the laboratory$cMoonyeen Nida Ramos Alava
=300 300##$axii, 178 leaves$bwith non colored illustrations

