=LDR  00000nam  2200000   4500
=001 PCRD-H000178
=003 000201
=040 PCAARRD-DOST
=050 ##$aT TD3334.P6$bZ39$c1980
=100 1000#$aZaparalla, Macrina Tamayo
=245 24500$aThe ecology of water pollution in Pasig river$cMacrina Tamayo Zaparalla
=300 300##$a238 leaves$bwith colored photos

