=LDR  00000nam  2200000   4500
=001 PCRD-H000179
=003 000202
=040 PCAARRD-DOST
=050 ##$aT SH167.G86$bM38$c1988
=100 1000#$aMatiru, Grace N.
=245 24500$aProduction and marketing of grouper (Epinephelus sp.)$ba case study in Obando, Bulacan$cGrace N. Matiru
=300 300##$axiii, 86 leaves$bwith colored photos and non colored illustrations

