=LDR  00000nam  2200000   4500
=001 PCRD-H000180
=003 000203
=040 PCAARRD-DOST
=050 ##$aT SH329.S76$bD46$c2013
=100 1000#$aDeocadez, Melchor R.
=245 24500$aThe association of spongivore reef fish to benthos attributes$cMelchor R. Deocadez
=300 300##$axv, 52 leaves$bwith colored photos and illustrations

