=LDR  00000nam  2200000   4500
=001 PCRD-H000182
=003 000204
=040 PCAARRD-DOST
=050 ##$aT TD796.5$bM36$c1993
=100 1000#$aManaig, Elena M.
=245 24500$aA study of IBS rapid composing technology and its adoption by Laguna farmers$cElena M. Manaig
=300 300##$axxvi, 205 leaves$bwith non colored illustrations

