=LDR  00000nam  2200000   4500
=001 PCRD-H000183
=003 000205
=040 PCAARRD-DOST
=050 ##$aT SH328.R4$bK34$c1996
=100 1000#$aKagaoan, Carmencita V.
=245 24500$aDevelopment of a management strategy for red tide (Pyrodinium bahamese var. compressumBloom) in western Manila bay$cCarmencita V. Kagaoan
=300 300##$axiv, 188 leaves$bwith colored photos and non colored illustrations

