=LDR  00000nam  2200000   4500
=001 PCRD-H000184
=003 000206
=040 PCAARRD-DOST
=050 ##$aT S464.5.C6$bN37$c1972
=100 1000#$aNarayanan, P.K.
=245 24500$aEffectiveness of slides in communicating farm information to rural audience$cP.K. Narayanan
=300 300##$axii, 91 leaves$bwith colored photos

