=LDR  00000nam  2200000   4500
=001 PCRD-H000185
=003 000207
=040 PCAARRD-DOST
=050 ##$aT S494.5.C6$bV45$c1998
=100 1000#$aVelasco, Ma. Theresa H.
=245 24500$aThe role of science communication in the promotion of science and technology in Philippine setting$cMa. Theresa H. Velasco
=300 300##$axiv, 263 leaves

