=LDR  00000nam  2200000   4500
=001 PCRD-H000186
=003 000208
=040 PCAARRD-DOST
=050 ##$aT S535.P5$bV35$c1978
=100 1000#$aValdez, Luis A.
=245 24500$aInnovativeness among the lowland rice farming of nabag-o: a case study$cLuis A. Valdez
=300 300##$axviii, 135 leaves

