=LDR  00000nam  2200000   4500
=001 PCRD-H000187
=003 000209
=040 PCAARRD-DOST
=050 ##$aT S544.5.P5$bE88$c1996
=100 1000#$aEstolas, Wilfredo
=245 24500$aExtent of utilization of farming technologies recommended by Benguet State University$cWilfredo Wilfredo Estolas
=300 300##$axiii, 167 leaves$bwith colored illustrations

