=LDR  00000nam  2200000   4500
=001 PCRD-H000188
=003 000210
=040 PCAARRD-DOST
=050 ##$aT S605$bQ56$c1980
=100 1000#$aQuimsing, Victor A.
=245 24500$aLime requirement of selected Philippine soils as related to some physical and chemical properties$cVictor A. Quimsing
=300 300##$axii, 79 leaves

