=LDR  00000nam  2200000   4500
=001 PCRD-H000190
=003 000212
=040 PCAARRD-DOST
=050 ##$aT SH167.N54$bG37$c1982
=100 1000#$aGarcia, Ethel G.
=245 24500$aUtilization of fish silage in the ration for nile tilapia fingerlings$cEthel G. Garcia
=300 300##$av, 34 leaves

