=LDR  00000nam  2200000   4500
=001 PCRD-H000191
=003 000213
=040 PCAARRD-DOST
=050 ##$aT SH156.N54$bA26$c1983
=100 1000#$aAcosta, Josie Domingo
=245 24500$aLevels of organic and inorganic fertilization in rice-fish culture$cJosie Domingo Acosta
=300 300##$a21 leaves

