=LDR  00000nam  2200000   4500
=001 PCRD-H000194
=003 000214
=040 PCAARRD-DOST
=050 ##$aT SH327.5$bP36$c2015
=100 1000#$aPanahon, Marius L.
=245 24500$aAn assessment of the siganid fishery of the Calaungan Lake and Baruyan River in Calapan City, Oriental Mindoro, Philippines$cMarius L. Panahon
=300 300##$axv, 151 leaves$bwith colored photos

