=LDR  00000nam  2200000   4500
=001 PCRD-H000195
=003 000215
=040 PCAARRD-DOST
=050 ##$aT SH390.5.P45$bH36$c2015
=100 1000#$aHanani, Maribelle T.
=245 24500$aNutraceutical characteristics and bioactive components of three seaweed species form Sulu and Ilocos Norte, Philippines$cMaribelle T. Hanani
=300 300##$axiii, 119 leaves$bwith colored photos

