=LDR  00000nam  2200000   4500
=001 PCRD-H000196
=003 000216
=040 PCAARRD-DOST
=050 ##$aT SH390.5.P45$bD53$c2014
=100 1000#$aDiansuy, Araniza M.
=245 24500$aPhotosynthetic responses of farmed carrageenophytes to long-term laboratory conditions$cAraniza M. Diansuy
=300 300##$axiii, 54 leaves$bwith non-colored illustrations

