=LDR  00000nam  2200000   4500
=001 PCRD-H000198
=003 000217
=040 PCAARRD-DOST
=050 ##$aT SH156$bG88$c1983
=100 1000#$aGutierrez, Darcy Lamson
=245 24500$aUse of milled rice straw as fish food$cDarcy Lamson Gutierrez
=300 300##$avi, 30 leaves$bwith non colored photos

