=LDR  00000nam  2200000   4500
=001 PCRD-H000199
=003 000218
=040 PCAARRD-DOST
=050 ##$aT SH156$bC38$c1982
=100 1000#$aCatalma, Lilibeth Gomez
=245 24500$aTreated rice straw as fish food$cLilibeth Gomez Catalma
=300 300##$av, 21 leaves

