=LDR  00000nam  2200000   4500
=001 PCRD-H000200
=003 000219
=040 PCAARRD-DOST
=050 ##$aT SH155.5$bN35$c1983
=100 1000#$aNaldoza, Anita Leabres
=245 24500$aFry production of Nile tilapia in rice paddies at three sex ratios$cAnita Leabres Naldoza
=300 300##$avi, 21 leaves

