=LDR  00000nam  2200000   4500
=001 PCRD-H000201
=003 000220
=040 PCAARRD-DOST
=050 ##$aT HD1333.P45$bD34$c1979
=100 1000#$aDagondon, Veronica M. 
=245 24500$aJudges of the Courts of Agrarian Relations : their knowledge and attitudes toward agrarian reform$cVeronica M. Dagondon
=300 300##$a121 leaves

