=LDR  00000nam  2200000   4500
=001 PCRD-H000202
=003 000221
=040 PCAARRD-DOST
=050 ##$aT SH167.T54$bE45$c1985
=100 1000#$aEllana, Eduardo Bonavente
=245 24500$aThe use of auxiliary plankton tank in the rearing of Nile tilapia finerlings (Oreochromis niloticus) in paddy fields$cEduardo Bonavente Ellana
=300 300##$axi, 59 leaves

