=LDR  00000nam  2200000   4500
=001 PCRD-H000203
=003 000222
=040 PCAARRD-DOST
=050 ##$aT SH167.T54$bC33$c1983
=100 1000#$aLadores, Irish Hilario
=245 24500$aRearing of tilapia fingerlings to post fingerlings in rice paddies at various levels of organic fertilization$cIrish Hilario Ladores
=300 300##$a16 leaves

