=LDR  00000nam  2200000   4500
=001 PCRD-H000204
=003 000223
=040 PCAARRD-DOST
=050 ##$aT HD9049.C8$bT56$c1978
=100 1000#$aTipace, Rafael C.
=245 24500$aCorn production in the Philippines: a farm practice report$cRafael C. Tipace
=300 300##$a120 leaves

