=LDR  00000nam  2200000   4500
=001 PCRD-H000205
=003 000225
=040 PCAARRD-DOST
=050 ##$aT HD49750.09$bD43$c1975
=100 1000#$aDecena, Adolfo S.
=245 24500$aOptimal allocation of logging wastes in an integrated wood industry by linear programming$cDecena, S. Adolfo
=300 300##$axviii, 115 leaves

