=LDR  00000nam  2200000   4500
=001 PCRD-H000206
=003 000226
=040 PCAARRD-DOST
=050 ##$aT TX389$bS25$c1978
=100 1000#$a Salares, Lutgarda H
=245 24500$aSmoked product and fresh sausage from duck meat$cLutgarda H  Salares
=300 300##$axv, 62 leaves$bwith non colored photos and illustrations

