=LDR  00000nam  2200000   4500
=001 PCRD-H000208
=003 000227
=040 PCAARRD-DOST
=050 ##$aT SH167.N54$bR43$c1983
=100 1000#$aRecometa, Ravelina M.
=245 24500$aWeight-fecundity relationship of Tilapia nilotica$cRavelina M. Recometa
=300 300##$avii, 38 leaves$bwith non colored photos

