=LDR  00000nam  2200000   4500
=001 PCRD-H000209
=003 000228
=040 PCAARRD-DOST
=050 ##$aT SH380.64.M33$bA37$c1982
=100 1000#$aAdriano, Rolando N.
=245 24500$aEffects of different binders on pellet stability and acceptability to freshwater shrimp (Macrobrachium lanchesterii)$cRolando N. Adriano
=300 300##$aii, 20 leaves

