=LDR  00000nam  2200000   4500
=001 PCRD-H000211
=003 000229
=040 PCAARRD-DOST
=050 ##$aT SH307.P5$bB45$c2012
=100 1000#$aBelleza, Dominic Franco C.
=245 24500$aDecadal changes in the benthic macrophyte assemblance and the structure of the sediments in a shallow embayment, Eastern Mactan Island, Central Philippines$cDominic Franco C. Belleza
=300 300##$aviii, 69 leaves$bwith colored illustrations

