=LDR  00000nam  2200000   4500
=001 PCRD-H000212
=003 000230
=040 PCAARRD-DOST
=050 ##$aT QL384.H7$bB66$c2012
=100 1000#$aBondoc, Karen Grace V.
=245 24500$aChemical defense of holothurians by saponins (Triterpene glycosides)$cKaren Grace V. Bondoc
=300 300##$axvii, 116 leaves$bwith colored photos

