=LDR  00000nam  2200000   4500
=001 PCRD-H000213
=003 000231
=040 PCAARRD-DOST
=050 ##$aT SH400.5.C7$bB39$c2007
=100 1000#$aBaylon, Juliana C.
=245 24500$aStudies on the aquaculture of five commercially important portunids in the Philippines$bCharybdis feriatus, Portunus pelagicus, Scylla serrata, Scylla tranquebarica and Scylla olivacea (Crustacea: Decapoda: Portunidae)$cJuliana C. Baylon
=300 300##$axvii, 256 leaves$bwith non colored photos and illustrations

