=LDR  00000nam  2200000   4500
=001 PCRD-H000217
=003 000232
=040 PCAARRD-DOST
=050 ##$aT SH329.C63$bB35$c1998
=100 1000#$aBalano, Imelda V.
=245 24500$aDynamics of inter-institutional cooperation/conflict in coastal resource management in Eastern Visayas$cImelda V. Balano
=300 300##$axvii, 245 leaves

