=LDR  00000nam  2200000   4500
=001 PCRD-H000218
=003 000233
=040 PCAARRD-DOST
=050 ##$aT SH329.E93$bB36
=100 1000#$aBañacia, Gregorio T.
=245 24500$aReview of fisheries management and development$cGregorio T. Bañacia
=300 300##$a89 leaves

