=LDR  00000nam  2200000   4500
=001 PCRD-H000219
=003 000234
=040 PCAARRD-DOST
=050 ##$aT HQ769$bM35$c1972
=100 1000#$aMaines, Ramon M.
=245 24500$aEvaluation of family planning visuals$cRamon M. Maines
=300 300##$aix, 58 leaves

