=LDR  00000nam  2200000   4500
=001 PCRD-H000220
=003 000235
=040 PCAARRD-DOST
=050 ##$aT SH173.5.T52$bK53$c1989
=100 1000#$aKiat, Guoy Tong
=245 24500$aTides and tidal phenomena of the ASEAN Region$cKiat, Guoy Tong
=300 300##$axv, 196 leaves$bwith non colored illustrations

