=LDR  00000nam  2200000   4500
=001 PCRD-H000221
=003 000236
=040 PCAARRD-DOST
=050 ##$aT SH331.S74$bM36$c2003
=100 1000#$aManeja, Rommel Hilot
=245 24500$aSpatial and temporal patterns of distribution of major species and catch rates of selected fishing gears in Bolinao, Pangasinan$cRommel Hilot Maneja
=300 300##$aix, 93 leaves$bwith colored photos and illustrations

