=LDR  00000nam  2200000   4500
=001 PCRD-H000222
=003 000237
=040 PCAARRD-DOST
=050 ##$aT SD397$bT36$c1983
=100 1000#$aTandug, Eustaquito Tayco
=245 24500$aEffects of some management practices on the growth and development of directly seeded ipil-ipil [Leucaena leucocephala (Lam.) De Wit]$cEustaquito Tayco Tandug
=300 300##$axx, 190 leaves$bwith colored photos

