=LDR  00000nam  2200000   4500
=001 PCRD-H000223
=003 000238
=040 PCAARRD-DOST
=050 ##$aT SH399.D8$bA73$c1990
=100 1000#$aAragones, Lemnuel V.
=245 24500$aThe status, distribution and basic feeding ecology of the dugong, Dugong dugon (Miller) (Mammalia: Sirenia) at Calauit Island, Busuanga$cLemnuel V. Aragones
=300 300##$axii, 82 leaves$bwith non colored illustrations

