=LDR  00000nam  2200000   4500
=001 PCRD-H000224
=003 000239
=040 PCAARRD-DOST
=050 ##$aT JS7303.A8$bS54$c1978 
=100 1000#$aSierra, Teodora N.
=245 24500$aFactors associated with the role performance of barrio association officials in Pila, Laguna, Philippines$cTeodora N. Sierra
=300 300##$axx, 171 leaves

