=LDR  00000nam  2200000   4500
=001 PCRD-H000225
=003 000240
=040 PCAARRD-DOST
=050 ##$aT SH117.P45$bN39$c1985
=100 1000#$aNayga Jr., Rodolfo Mercado
=245 24500$aThe Philippine aquaculture commodity system$cRodolfo Mercado Nayga Jr.
=300 300##$a340 leaves$bwith non colored illistrations

