=LDR  00000nam  2200000   4500
=001 PCRD-H000227
=003 000241
=040 PCAARRD-DOST
=050 ##$aT SH399.C6$bT34$c2015
=100 1000#$aTaguba, Cyril A.
=245 24500$aClade identification of the symbiont in the genus Symbiodinmium from the Blue coral Heliopora coerulea (Pallas, 1766) (Helioporacea: Helioporidae) from selected waters in Central Visayas, Philippines$cCyril A. Taguba
=300 300##$ax, 76 leaves$bwith colored photos

