=LDR  00000nam  2200000   4500
=001 PCRD-H000228
=003 000242
=040 PCAARRD-DOST
=050 ##$aT SD387.C37$bA23$c2017
=100 1000#$aAbalus, Jr., Rodolfo O.
=245 24500$aDevelopment of a model for forest carbon estimation in Mt. Makiling Forest reserve and Quezon City, Philippines$cRodolfo O. Abalus Jr.
=300 300##$axxv, 268 leaves$bwith colored illustrations

