=LDR  00000nam  2200000   4500
=001 PCRD-H000229
=003 000243
=040 PCAARRD-DOST
=050 ##$aT SH391.K37$bM66$c2007
=100 1000#$aMontes, Jr., Humberto R.
=245 24500$aMorphological and molecular characterization and differentiation of selected Kappaphycus and related species in the Philippines
=300 300##$axiv, 97 leaves$bwith colored photos

