=LDR  00000nam  2200000   4500
=001 PCRD-H000230
=003 000244
=040 PCAARRD-DOST
=050 ##$aT SH177$bD43$c2014
=100 1000#$aDe Dios, Homer Hermes Y.
=245 24500$aBehavioral responses of crown-of-thorns starfish, acanthaster planci (linnaeus, 1758) (Asteroidea: echinodermata) to hypersaline solution, conspecific and light stimuli$btheir application to population control$cHomer Hermes Y. De Dios
=300 300##$avii, 129 leaves$bwith colored photos

