=LDR  00000nam  2200000   4500
=001 PCRD-H000232
=003 000245
=040 PCAARRD-DOST
=050 ##$aT SD397.D5$bM36$c1989
=100 1000#$aManila, Antonio C.
=245 24500$aGrowth responses and economic production of residual dipterocarp stands to timber stand improvement$cAntonio C. Manila
=300 300##$axx, 185 leaves

