=LDR  00000nam  2200000   4500
=001 PCRD-H000233
=003 000246
=040 PCAARRD-DOST
=050 ##$aT S667.S67$bG35$c1980
=100 1000#$aGaliliea, Octavio Adolacion
=245 24500$aTolerance of four sorghum varieties to waterlogging$cOctavio Adolacion Galiliea
=300 300##$axi, 41 leaves

