=LDR  00000nam  2200000   4500
=001 PCRD-H000234
=003 000247
=040 PCAARRD-DOST
=050 ##$aT SB608.B16$bM34$c1979
=100 1000#$aMagnaye, Lydia V.
=245 24500$aStudies on the identity and relationships of the abaca and banana bunchy-top viruses in the Philippines$cLydia V. Magnaye
=300 300##$axvii, 112 leaves$bwith non colored photos

