=LDR  00000nam  2200000   4500
=001 PCRD-H000235
=003 000248
=040 PCAARRD-DOST
=050 ##$aT TH1073$bR36$c1983
=100 1000#$aRamos, Jaime R. 
=245 24500$aFire-retardant treatment influence on bond quality and surface flammability of plywood from some Philippine wood species$cJaime R.  Ramos
=300 300##$axii, 64 leaves

