=LDR  00000nam  2200000   4500
=001 PCRD-H000236
=003 000249
=040 PCAARRD-DOST
=050 ##$aT SD397.M2$bS65$c1981
=100 1000#$aSolera, Carlito R.
=245 24500$aDetermination of nitrogen and phosphorus requirements of large leaf mahogany (Swietenia macrophylla King.) seedlings$cCarlito R. Solera
=300 300##$axv, 75 leaves

