=LDR  00000nam  2200000   4500
=001 PCRD-H000237
=003 000250
=040 PCAARRD-DOST
=050 ##$aT SH167.T3$bV55$c1989
=100 1000#$aVillacorta, Lyndo G.
=245 24500$aA comparison of constant and variable loading rates of organic manure in fish culture$cLyndo G. Villacorta
=300 300##$axii, 94 leaves

