=LDR  00000nam  2200000   4500
=001 PCRD-H000238
=003 000251
=040 PCAARRD-DOST
=050 ##$aFil(B) S539$bP45r$c1979 P
=100 1102#$aPhilippine Council for Agriculture, Aquatic and Natural Resources Research and Development (PCAARRD)
=245 24500$aThe Philippines recommends for potato 1979
=300 300##$ax, 67 leaves$bwith colored photos

