=LDR  00000nam  2200000   4500
=001 PCRD-H000240
=003 000252
=020 PCAARRD-FB-00002
=040 PCAARRD-DOST
=050 ##$aFil(B) S539$bP45r $cno.81
=100 1100#$aPhilippine Council for Agriculture, Aquatic and Natural Resources Research and Development (PCAARRD)
=245 24500$aThe Philippines recommends for pili$cPhilippine Council for Agriculture, Aquatic and Natural Resources Research and Development (PCAARRD)
=300 300##$axii, 86$bwith colored photos

