=LDR  00000nam  2200000   4500
=001 PCRD-H000241
=003 000253
=040 PCAARRD-DOST
=050 ##$aFil(B) S539$bP45r$c1975 M
=100 1100#$aPhilippine Council for Agriculture, Aquatic and Natural Resources Research and Development (PCAARRD)
=245 24500$aThe Philippines recommends for mango 1975$cPhilippine Council for Agriculture, Aquatic and Natural Resources Research and Development (PCAARRD)
=300 300##$a79 leaves$bwith colored photos

