=LDR  00000nam  2200000   4500
=001 PCRD-H000242
=003 000254
=020 971-20-0183-0
=040 PCAARRD-DOST
=050 ##$aFil(B) S539$bP45r$cno.73
=100 1100#$aPhilippine Council for Agriculture, Aquatic and Natural Resources Research and Development (PCAARRD)
=245 24500$aThe Philippines recommends for grain-legume postproduction operations$cPhilippine Council for Agriculture, Aquatic and Natural Resources Research and Development (PCAARRD)
=300 300##$axv, 103 leaves$bwith colored photos

