=LDR  00000nam  2200000   4500
=001 PCRD-H000243
=003 000255
=020 971-20-0448-1
=040 PCAARRD-DOST
=050 ##$aFil(B) S539$bP45r$cno.84
=100 1102#$aPhilippine Council for Agriculture, Aquatic and Natural Resources Research and Development (PCAARRD)
=245 24500$aThe Philippines recommends for cashew$cPhilippine Council for Agriculture, Aquatic and Natural Resources Research and Development (PCAARRD)
=300 300##$aix, 81 leaves$bwith colored photos and non colored illustrations

