=LDR  00000nam  2200000   4500
=001 PCRD-H000245
=003 000257
=040 PCAARRD-DOST
=050 ##$aFil(B) S539$bP45r$c1977 C
=100 1102#$aPhilippine Council for Agriculture, Aquatic and Natural Resources Research and Development (PCAARRD)
=245 24500$aThe Philippines recommends for citrus 1980$cPhilippine Council for Agriculture, Aquatic and Natural Resources Research and Development (PCAARRD)
=300 300##$aix, 63 leaves$bwith colored photos

