=LDR  00000nam  2200000   4500
=001 PCRD-H000246
=003 000258
=040 PCAARRD-DOST
=050 ##$aFil(B) S539$bP45r$cno.51
=100 1102#$aPhilippine Council for Agriculture, Aquatic and Natural Resources Research and Development (PCAARRD)
=245 24500$aThe Philippines recommends for integrated cattle-coconut farming$cPhilippine Council for Agriculture, Aquatic and Natural Resources Research and Development (PCAARRD)
=300 300##$aviii, 39 leaves$bwith colored photos

