=LDR  00000nam  2200000   4500
=001 PCRD-H000247
=003 000260
=020 971-20-0143-1
=040 PCAARRD-DOST
=050 ##$aFil(B) S539$bP45r$cno.70
=100 1102#$aPhilippine Council for Agriculture, Aquatic and Natural Resources Research and Development (PCAARRD)
=245 24500$aThe Philippines recommends for black pepper production$cPhilippine Council for Agriculture, Aquatic and Natural Resources Research and Development (PCAARRD)
=300 300##$aix, 44 leaves$bwith colored photos

