=LDR  00000nam  2200000   4500
=001 PCRD-H000250
=003 000271
=020 971-20-0463-5
=040 PCAARRD-DOST
=050 ##$aFil(B) S539$bP45r$cno.85
=100 1102#$aPhilippine Council for Agriculture, Aquatic and Natural Resources Research and Development (PCAARRD)
=245 24500$aThe Philippines recommends for builders' woodworks$cPhilippine Council for Agriculture, Aquatic and Natural Resources Research and Development (PCAARRD)
=300 300##$avii, 70 leaves$bwith colored photos

