=LDR  00000nam  2200000   4500
=001 PCRD-H000251
=003 000272
=040 PCAARRD-DOST
=050 ##$aFil(B) S539$bP45r$c1980 Ca
=100 1102#$aPhilippine Council for Agriculture, Aquatic and Natural Resources Research and Development (PCAARRD)
=245 24500$aThe Philippines recommends for cacao 1979$cPhilippine Council for Agriculture, Aquatic and Natural Resources Research and Development (PCAARRD)
=300 300##$aix, 88 leaves$bwith colored photos and non colored illustrations

