=LDR  00000nam  2200000   4500
=001 PCRD-H000252
=003 000273
=020 0115-7833
=040 PCAARRD-DOST
=050 ##$aFil(B) S539$bP45r$cno.56
=100 1102#$aPhilippine Council for Agriculture, Aquatic and Natural Resources Research and Development (PCAARRD)
=245 24500$aThe Philippines recommends for fuelwood and charcoal utilization$cPhilippine Council for Agriculture, Aquatic and Natural Resources Research and Development (PCAARRD)
=300 300##$ax, 95 leaves$bwith colored photos and non colored illustrations

