=LDR  00000nam  2200000   4500
=001 PCRD-H000253
=003 000274
=020 971-20-0435-X
=040 PCAARRD-DOST
=050 ##$aFil(B) S539$bP45r$cno.82
=100 1100#$aPhilippine Council for Agriculture, Aquatic and Natural Resources Research and Development (PCAARRD)
=245 24500$aThe Philippines recommends for furniture of wood$cPhilippine Council for Agriculture, Aquatic and Natural Resources Research and Development (PCAARRD)
=300 300##$aviii, 73 leaves$bwith colored photos and non colored illustrations

