=LDR  00000nam  2200000   4500
=001 PCRD-H000254
=003 000275
=040 PCAARRD-DOST
=050 ##$aFil(B) S539$bP45r$c1979 G
=100 1102#$aPhilippine Council for Agriculture, Aquatic and Natural Resources Research and Development (PCAARRD)
=245 24500$aThe Philippines recommends for gabi 1979$cPhilippine Council for Agriculture, Aquatic and Natural Resources Research and Development (PCAARRD)
=300 300##$avi, 34 leaves$bwith colored photos and non colored illustrations

