=LDR  00000nam  2200000   4500
=001 PCRD-H000255
=003 000276
=040 PCAARRD-DOST
=050 ##$aFil(B) S539$bP45r$c1980 Gi
=100 1102#$aPhilippine Council for Agriculture, Aquatic and Natural Resources Research and Development (PCAARRD)
=245 24500$aThe Philippines recommends for ginger 1980$cPhilippine Council for Agriculture, Aquatic and Natural Resources Research and Development (PCAARRD)
=300 300##$axi, 51 leaves$bwith colored photos

