=LDR  00000nam  2200000   4500
=001 PCRD-H000256
=003 000277
=040 PCAARRD-DOST
=050 ##$aFil(B) S539$bP45r$c1977 Gr
=100 1102#$aPhilippine Council for Agriculture, Aquatic and Natural Resources Research and Development (PCAARRD)
=245 24500$aThe Philippines recommends for grapes 1977$cPhilippine Council for Agriculture, Aquatic and Natural Resources Research and Development (PCAARRD)
=300 300##$avii, 71 leaves$bwith colored photos

