=LDR  00000nam  2200000   4500
=001 PCRD-H000259
=003 000280
=020 971-20-0445-7
=040 PCAARRD-DOST
=050 ##$aFil(B) S539$bP45r$cno. 83
=100 1102#$aPhilippine Council for Agriculture, Aquatic and Natural Resources Research and Development (PCAARRD)
=245 24500$aThe Philippines recommends for irrigation management for crop diversification$cPhilippine Council for Agriculture, Aquatic and Natural Resources Research and Development (PCAARRD)
=300 300##$axiv, 116 leaves$bwith colored photos

