=LDR  00000nam  2200000   4500
=001 PCRD-H000261
=003 000283
=020 971-20-0472-4
=040 PCAARRD-DOST
=050 ##$aFil(B) S539$bP45r$cno. 21-A
=100 1102#$aPhilippine Council for Agriculture, Aquatic and Natural Resources Research and Development (PCAARRD)
=245 24500$aThe Philippines recommends for lumber$cPhilippine Council for Agriculture, Aquatic and Natural Resources Research and Development (PCAARRD)
=300 300##$aviii, 114 leaves$bwith colored photos and non colored illustrations

