=LDR  00000nam  2200000   4500
=001 PCRD-H000262
=003 000284
=020 971-20-0188-1
=040 PCAARRD-DOST
=050 ##$aFil(B) S539$bP45r$cno.74
=100 1102#$aPhilippine Council for Agriculture, Aquatic and Natural Resources Research and Development (PCAARRD)
=245 24500$aThe Philippines recommends for mangrove production and harvesting$cPhilippine Council for Agriculture, Aquatic and Natural Resources Research and Development (PCAARRD)
=300 300##$axiii, 96 leaves$bwith colored photos and non colored illsutrations

