=LDR  00000nam  2200000   4500
=001 PCRD-H000263
=003 000285
=020 971-20-0466-X
=040 PCAARRD-DOST
=050 ##$aFil(B) S539$bP45r$cno.86
=100 1102#$aPhilippine Council for Agriculture, Aquatic and Natural Resources Research and Development (PCAARRD)
=245 24500$aThe Philippines recommends for forage corn production and utilization$cPhilippine Council for Agriculture, Aquatic and Natural Resources Research and Development (PCAARRD)
=300 300##$aviii, 73 leaves$bwith colored photos and non colored illustrations

