=LDR  00000nam  2200000   4500
=001 PCRD-H000264
=003 000286
=020 971-20-0469-4
=040 PCAARRD-DOST
=050 ##$aFil(B) S539$bP45r$cno.87
=100 1102#$aPhilippine Council for Agriculture, Aquatic and Natural Resources Research and Development (PCAARRD)
=245 24500$aThe Philippines recommends for durian$cPhilippine Council for Agriculture, Aquatic and Natural Resources Research and Development (PCAARRD)
=300 300##$axiii, 111 leaves$bwith colored photos and non colored illustrations

