=LDR  00000nam  2200000   4500
=001 PCRD-H000265
=003 000287
=020 971-20-0212-8
=040 PCAARRD-DOST
=050 ##$aFil(B) S539$bP45r$cno. 75
=100 1102#$aPhilippine Council for Agriculture, Aquatic and Natural Resources Research and Development (PCAARRD)
=245 24500$aThe Philippines recommends for dairy products manufacture$cPhilippine Council for Agriculture, Aquatic and Natural Resources Research and Development (PCAARRD)
=300 300##$a107 leaves$bwith colored photos and non colored illustrations

