=LDR  00000nam  2200000   4500
=001 PCRD-H000267
=003 000289
=020 971-20-0485-6
=040 PCAARRD-DOST
=050 ##$aFil(B) S539$bP45r$cno.89
=100 1102#$aPhilippine Council for Agriculture, Aquatic and Natural Resources Research and Development (PCAARRD)
=245 24500$aThe Philippines recommends for conservation farming in the sloping lands$bvol. 1.  contour farming$cPhilippine Council for Agriculture, Aquatic and Natural Resources Research and Development (PCAARRD)
=300 300##$axi, 98 leaves$bwith colored photos

