=LDR  00000nam  2200000   4500
=001 PCRD-H000268
=003 000290
=020 971-20-0187-3
=040 PCAARRD-DOST
=050 ##$aFil(B) S539$bP45r$cno.76-B
=100 1102#$aPhilippine Council for Agriculture, Aquatic and Natural Resources Research and Development (PCAARRD)
=245 24500$aThe Philippines recommends for meat processing$cPhilippine Council for Agriculture, Aquatic and Natural Resources Research and Development (PCAARRD)
=300 300##$axiii, 102 leaves$bwith colored photos

