=LDR  00000nam  2200000   4500
=001 PCRD-H000270
=003 000292
=040 PCAARRD-DOST
=050 ##$aFil(B) S539$bP45r$c1976 Co
=100 1102#$aPhilippine Council for Agriculture, Aquatic and Natural Resources Research and Development (PCAARRD)
=245 24500$aThe Philippines recommends for coffee 1976$cPhilippine Council for Agriculture, Aquatic and Natural Resources Research and Development (PCAARRD)
=300 300##$avi, 62 leaves$bwith colored photos and non colored illustrations

