=LDR  00000nam  2200000   4500
=001 PCRD-H000271
=003 000293
=040 PCAARRD-DOST
=050 ##$aFil(B) S539$bP45r$cno.50
=100 1102#$aPhilippine Council for Agriculture, Aquatic and Natural Resources Research and Development (PCAARRD)
=245 24500$aThe Philippines recommends for irrigation water management$bvolume 2 upland crops conditions$cPhilippine Council for Agriculture, Aquatic and Natural Resources Research and Development (PCAARRD)
=300 300##$axi, 87 leaves$bwith colored photos and non colored illustrations

