=LDR  00000nam  2200000   4500
=001 PCRD-H000272
=003 000295
=040 PCAARRD-DOST
=050 ##$aFil(B) S539$bP45r$cno. 20
=100 1102#$aPhilippine Council for Agriculture, Aquatic and Natural Resources Research and Development (PCAARRD)
=245 24500$aThe Philippines recommends for coffee$cPhilippine Council for Agriculture, Aquatic and Natural Resources Research and Development (PCAARRD)
=300 300##$avi, 62 leaves$bwith colored photos and non colored illustrations

