=LDR  00000nam  2200000   4500
=001 PCRD-H000274
=003 000297
=020 0115-783
=040 PCAARRD-DOST
=050 ##$aFil(B) S539$bP45r$cno. 60
=100 1102#$aPhilippine Council for Agriculture, Aquatic and Natural Resources Research and Development (PCAARRD)
=245 24500$aThe Philippines recommends for coconut timber utilization$cPhilippine Council for Agriculture, Aquatic and Natural Resources Research and Development (PCAARRD)
=300 300##$axii, 93 leaves$bwith colored photos and non colored illustrations

