=LDR  00000nam  2200000   4500
=001 PCRD-H000275
=003 000298
=040 PCAARRD-DOST
=050 ##$aFil(B) S539$bP45r$c1981 DC
=100 1102#$aPhilippine Council for Agriculture, Aquatic and Natural Resources Research and Development (PCAARRD)
=245 24500$aThe Philippines recommends for dairy catlle production 1981$cPhilippine Council for Agriculture, Aquatic and Natural Resources Research and Development (PCAARRD)
=300 300##$axiii, 125 leaves$bwith colored photos and non colored illustrations

