=LDR  00000nam  2200000   4500
=001 PCRD-H000277
=003 000300
=020 971-20-0181-4
=040 PCAARRD-DOST
=050 ##$aFil(B) S539$bP45r$cno. 22-A
=100 1102#$aPhilippine Council for Agriculture, Aquatic and Natural Resources Research and Development (PCAARRD)
=245 24500$aThe Philippines recommends for duck raising$cPhilippine Council for Agriculture, Aquatic and Natural Resources Research and Development (PCAARRD)
=250 250##$aRevised edition
=300 300##$ax, 82 leaves$bwith colored photos

