=LDR  00000nam  2200000   4500
=001 PCRD-H000279
=003 000302
=040 PCAARRD-DOST
=050 ##$aFil(B) S539$bP45r$c1975
=100 1102#$aPhilippine Council for Agriculture, Aquatic and Natural Resources Research and Development (PCAARRD)
=245 24500$aThe Philippines recommends for coconut 1975$cPhilippine Council for Agriculture, Aquatic and Natural Resources Research and Development (PCAARRD)
=300 300##$avi, 63 leaves$bwith colored photos

