=LDR  00000nam  2200000   4500
=001 PCRD-H000281
=003 000304
=020 971-20-0180-6
=040 PCAARRD-DOST
=050 ##$aFil(B) S539$bP45r$cno. 25-A
=100 1102#$aPhilippine Council for Agriculture, Aquatic and Natural Resources Research and Development (PCAARRD)
=245 24500$aThe Philippines recommends for mungbean$cPhilippine Council for Agriculture, Aquatic and Natural Resources Research and Development (PCAARRD)
=250 250##$aRevised
=300 300##$axi, 117 leaves$bwith colored photos

