=LDR  00000nam  2200000   4500
=001 PCRD-H000282
=003 000305
=020 971-20-0335-3
=040 PCAARRD-DOST
=050 ##$aFil(B) S539$bP45r$cno. 31-A
=100 1102#$aPhilippine Council for Agriculture, Aquatic and Natural Resources Research and Development (PCAARRD)
=245 24500$aThe Philippines recommends for orchids$cPhilippine Council for Agriculture, Aquatic and Natural Resources Research and Development (PCAARRD)
=300 300##$axi, 153 leaves$bwith colored photos

