=LDR  00000nam  2200000   4500
=001 PCRD-H000285
=003 000308
=040 PCAARRD-DOST
=050 ##$aFil(B) S539$bP45r$c1977 Pi
=100 1102#$aPhilippine Council for Agriculture, Aquatic and Natural Resources Research and Development (PCAARRD)
=245 24500$aThe Philippines recommends for pineapple 1977$cPhilippine Council for Agriculture, Aquatic and Natural Resources Research and Development (PCAARRD)
=300 300##$avii, 66 leaves$bwith colored photos and some non colored illustrations

