=LDR  00000nam  2200000   4500
=001 PCRD-H000287
=003 000310
=020 0115-783
=040 PCAARRD-DOST
=050 ##$aFil(B) S539$bP45r$cno. 54
=100 1102#$aPhilippine Council for Agriculture, Aquatic and Natural Resources Research and Development (PCAARRD)
=245 24500$aThe Philippines recommends for pines$cPhilippine Council for Agriculture, Aquatic and Natural Resources Research and Development (PCAARRD)
=300 300##$aviii, 79 leaves$bwith colored photos and non colored illustrations

