=LDR  00000nam  2200000   4500
=001 PCRD-H000288
=003 000311
=020 971-20-0531-3
=040 PCAARRD-DOST
=050 ##$aFil(B) S539$bP45r$cno. 13-E
=100 1102#$aPhilippine Council for Agriculture, Aquatic and Natural Resources Research and Development (PCAARRD)
=245 24500$aThe Philippines recommends for pork production$cPhilippine Council for Agriculture, Aquatic and Natural Resources Research and Development (PCAARRD)
=250 250##$aRevised edition
=300 300##$axvi, 131 leaves$bwith colored photos and non colored illustrations

