=LDR  00000nam  2200000   4500
=001 PCRD-H000291
=003 000314
=020 971-20-0207-1
=040 PCAARRD-DOST
=050 ##$aFil(B) S539$bP45r$cno. 55-A
=100 1102#$aPhilippine Council for Agriculture, Aquatic and Natural Resources Research and Development (PCAARRD)
=245 24500$aThe Philippines recommends for rattan production$cPhilippine Council for Agriculture, Aquatic and Natural Resources Research and Development (PCAARRD)
=250 250##$aRevised edition
=300 300##$a95 leaves$bwith colored photos

