=LDR  00000nam  2200000   4500
=001 PCRD-H000293
=003 000316
=020 917-20-0508-9
=040 PCAARRD-DOST
=050 ##$aFil(B) S539$bP45r$cno. 37-A
=100 1102#$aPhilippine Council for Agriculture, Aquatic and Natural Resources Research and Development (PCAARRD)
=245 24500$aThe Philippines recommends for carabao production$cPhilippine Council for Agriculture, Aquatic and Natural Resources Research and Development (PCAARRD)
=250 250##$aRevised edition
=300 300##$axiv, 140 leaves$bwith colored photos and non colored illustrations

