=LDR  00000nam  2200000   4500
=001 PCRD-H000295
=003 000317
=040 PCAARRD-DOST
=050 ##$aFil(B) S539$bP45r$c1978 Ca
=100 1102#$aPhilippine Council for Agriculture, Aquatic and Natural Resources Research and Development (PCAARRD)
=245 24500$aThe Philippines recommends for carabao production 1978$cPhilippine Council for Agriculture, Aquatic and Natural Resources Research and Development (PCAARRD)
=250 250##$aFirst edition
=300 300##$aviii, 101 leaves$bwith colored photos and non colored illustrations

