=LDR  00000nam  2200000   4500
=001 PCRD-H000296
=003 000318
=040 PCAARRD-DOST
=050 ##$aFil(B) S539$bP45r$c1979 Di
=100 1102#$aPhilippine Council for Agriculture, Aquatic and Natural Resources Research and Development (PCAARRD)
=245 24500$aThe Philippines recommends for dipterocarps 1979$bII. veneer and plywood$cPhilippine Council for Agriculture, Aquatic and Natural Resources Research and Development (PCAARRD)
=300 300##$aviii, 80 leaves$bwith colored photos

