=LDR  00000nam  2200000   4500
=001 PCRD-H000297
=003 000320
=020 971-20-0334-5
=040 PCAARRD-DOST
=050 ##$aFil(B) S539$bP45r$cno. 38-A
=100 1102#$aPhilippine Council for Agriculture, Aquatic and Natural Resources Research and Development (PCAARRD)
=245 24500$aThe Philippines recommends for mango$cPhilippine Council for Agriculture, Aquatic and Natural Resources Research and Development (PCAARRD)
=250 250##$aRevised edition
=300 300##$ax, 124 leaves$bwith colored photos

