=LDR  00000nam  2200000   4500
=001 PCRD-H000298
=003 000323
=020 971-20-0127-X
=040 PCAARRD-DOST
=050 ##$aFil(B) S539$bP45r$cno. 71
=100 1102#$aPhilippine Council for Agriculture, Aquatic and Natural Resources Research and Development (PCAARRD)
=245 24500$aThe Philippines recommends for corn postproduction operations$cPhilippine Council for Agriculture, Aquatic and Natural Resources Research and Development (PCAARRD)
=250 250##$aFirst edition
=300 300##$axxi, 107 leaves$bwith colored photos and non colored illustrations

