=LDR  00000nam  2200000   4500
=001 PCRD-H000301
=003 000326
=020 971-20-0342-6
=040 PCAARRD-DOST
=050 ##$aFil(B) S539$bP45r$cno. 77
=100 1102#$aPhilippine Council for Agriculture, Aquatic and Natural Resources Research and Development (PCAARRD)
=245 24500$aThe Philippines recommends for sustainable small ruminant-coconut production system$cPhilippine Council for Agriculture, Aquatic and Natural Resources Research and Development (PCAARRD)
=250 250##$aFirst edition
=300 300##$axi, 57 leaves$bwith colored photos and non colored illustrations

