=LDR  00000nam  2200000   4500
=001 PCRD-H000304
=003 000329
=040 PCAARRD-DOST
=050 ##$aFil(B) S539$bP45r$cno. 48
=100 1102#$aPhilippine Council for Agriculture, Aquatic and Natural Resources Research and Development (PCAARRD)
=245 24500$aThe Philippines recommends for salt industry$cPhilippine Council for Agriculture, Aquatic and Natural Resources Research and Development (PCAARRD)
=300 300##$aviii, 89 leaves$bwith colored photos

