=LDR  00000nam  2200000   4500
=001 PCRD-H000306
=003 000331
=020 0115-7833
=040 PCAARRD-DOST
=050 ##$aFil(B) S539$bP45r$cno. 14A
=100 1102#$aPhilippine Council for Agriculture, Aquatic and Natural Resources Research and Development (PCAARRD)
=245 24500$aThe Philippines recommends for soybeans$cPhilippine Council for Agriculture, Aquatic and Natural Resources Research and Development (PCAARRD)
=250 250##$aSecond edition, Revised edition
=300 300##$a111 leaves$bwith colored photos

