=LDR  00000nam  2200000   4500
=001 PCRD-H000307
=003 000332
=020 971-20-0206-3
=040 PCAARRD-DOST
=050 ##$aFil(B) S539$bP45r$cno. 53-A
=100 1102#$aPhilippine Council for Agriculture, Aquatic and Natural Resources Research and Development (PCAARRD)
=245 24500$aThe Philippines recommends for bamboo production$cPhilippine Council for Agriculture, Aquatic and Natural Resources Research and Development (PCAARRD)
=250 250##$a[Second edition, Revised edition]
=300 300##$a74 leaves$bwith colored photos

