=LDR  00000nam  2200000   4500
=001 PCRD-H000310
=003 000335
=020 971-20-0457-0
=040 PCAARRD-DOST
=050 ##$aFil(B) S539$bP45r$cno. 36-D
=100 1102#$aPhilippine Council for Agriculture, Aquatic and Natural Resources Research and Development (PCAARRD)
=245 24500$aThe Philippines recommends for soil fertility management$cPhilippine Council for Agriculture, Aquatic and Natural Resources Research and Development (PCAARRD)
=250 250##$a[Second edition, Reprint edition]
=300 300##$axi, 201 leaves$bwith colored photos and non colored illustrations

