=LDR  00000nam  2200000   4500
=001 PCRD-H000311
=003 000336
=040 PCAARRD-DOST
=050 ##$aFil(B) S539$bP45r$cno. 39
=100 1102#$aPhilippine Council for Agriculture, Aquatic and Natural Resources Research and Development (PCAARRD)
=245 24500$aThe Philippines recommends for tobacco$cPhilippine Council for Agriculture, Aquatic and Natural Resources Research and Development (PCAARRD)
=300 300##$avii, 127 leaves$bwith colored photos

