=LDR  00000nam  2200000   4500
=001 PCRD-H000312
=003 000337
=020 971-20-0182-2
=040 PCAARRD-DOST
=050 ##$aFil(B) S539$bP45r$cno. 72
=100 1102#$aPhilippine Council for Agriculture, Aquatic and Natural Resources Research and Development (PCAARRD)
=245 24500$aThe Philippines recommends for watershed management$cPhilippine Council for Agriculture, Aquatic and Natural Resources Research and Development (PCAARRD)
=250 250##$aReprint edition
=300 300##$axi, 88 leaves$bwith colored photos and non colored illsutrations

