=LDR  00000nam  2200000   4500
=001 PCRD-H000313
=003 000338
=020 971-20-0433-3
=040 PCAARRD-DOST
=050 ##$aFil(B) S539$bP45r$cno. 58
=100 1102#$aPhilippine Council for Agriculture, Aquatic and Natural Resources Research and Development (PCAARRD)
=245 24500$aThe Philippines recommends for woodwool cement baord$cPhilippine Council for Agriculture, Aquatic and Natural Resources Research and Development (PCAARRD)
=250 250##$aFirst edition
=300 300##$aviii, 46 leaves$bwith colored photos and non colored illustrations

