=LDR  00000nam  2200000   4500
=001 PCRD-H000315
=003 000340
=020 971-20-0368-X
=040 PCAARRD-DOST
=050 ##$aFil(B) S539$bP45r$cno. 78
=100 1102#$aPhilippine Council for Agriculture, Aquatic and Natural Resources Research and Development (PCAARRD)
=245 24500$aThe Philippines recommends for tikog production$cPhilippine Council for Agriculture, Aquatic and Natural Resources Research and Development (PCAARRD)
=250 250##$aFirst edition
=300 300##$ax, 45 leaves$bwith colored photos and non colored illustrations

