=LDR  00000nam  2200000   4500
=001 PCRD-H000317
=003 000342
=020 971-20-0127-X
=040 PCAARRD-DOST
=050 ##$aFil(B) S539$bP45r$cno. 71-A
=100 1102#$aPhilippine Council for Agriculture, Aquatic and Natural Resources Research and Development (PCAARRD)
=245 24500$aThe Philippines recommends for corn postproduction operations$cPhilippine Council for Agriculture, Aquatic and Natural Resources Research and Development (PCAARRD)
=250 250##$a[Second edition, Revised edition]
=300 300##$axix, 123 leaves$bwith colored photos and non colored illustrations

