=LDR  00000nam  2200000   4500
=001 PCRD-H000319
=003 000343
=020 971-20-0475-9
=040 PCAARRD-DOST
=050 ##$aFil(B) S539$bP45r$cno. 64-A 2015
=100 1102#$aPhilippine Council for Agriculture, Aquatic and Natural Resources Research and Development (PCAARRD)
=245 24500$aThe Philippines recommends for livestock feed formulation$cPhilippine Council for Agriculture, Aquatic and Natural Resources Research and Development (PCAARRD)
=250 250##$aReprint edition
=300 300##$aix, 208 leaves$bwith colored photos

