=LDR  00000nam  2200000   4500
=001 PCRD-H000321
=003 000345
=040 PCAARRD-DOST
=050 ##$aFil(B) S539$bP45r$cno. 52
=100 1102#$aPhilippine Council for Agriculture, Aquatic and Natural Resources Research and Development (PCAARRD)
=245 24500$aThe Philippines recommends for fertilizer usage$cPhilippine Council for Agriculture, Aquatic and Natural Resources Research and Development (PCAARRD)
=300 300##$aviii, 103 leaves$bwith colored photos

