=LDR  00000nam  2200000   4500
=001 PCRD-H000322
=003 000346
=020 971-20-0375-2
=040 PCAARRD-DOST
=050 ##$aFil(B) S539$bP45r$cno. 79
=100 1102#$aPhilippine Council for Agriculture, Aquatic and Natural Resources Research and Development (PCAARRD)
=245 24500$aThe Philippines recommends for sustainable use of monkeys$cPhilippine Council for Agriculture, Aquatic and Natural Resources Research and Development (PCAARRD)
=300 300##$avii, 66 leaves$bwith colored photos

