=LDR  00000nam  2200000   4500
=001 PCRD-H000325
=003 000349
=020 0115-7833
=040 PCAARRD-DOST
=050 ##$aFil(B) S539$bP45r$cno. 2-A
=100 1102#$aPhilippine Council for Agriculture, Aquatic and Natural Resources Research and Development (PCAARRD)
=245 24500$aThe Philippines recommends for coconut$cPhilippine Council for Agriculture, Aquatic and Natural Resources Research and Development (PCAARRD)
=250 250##$aSecond edition, Revised edition
=300 300##$a89 leaves$bwith colored photos and non colored illustrations

