=LDR  00000nam  2200000   4500
=001 PCRD-H000326
=003 000350
=020 971-20-0318-3
=040 PCAARRD-DOST
=050 ##$aFil(B) S539$bP45r$cno. 2-B
=100 1102#$aPhilippine Council for Agriculture, Aquatic and Natural Resources Research and Development (PCAARRD)
=245 24500$aThe Philippines recommends for coconut$cPhilippine Council for Agriculture, Aquatic and Natural Resources Research and Development (PCAARRD)
=250 250##$aThird edition, Revised edition
=300 300##$axii, 234 leaves$bwith colored photos

