=LDR  00000nam  2200000   4500
=001 PCRD-H000328
=003 000352
=020 971-20-00206-3
=040 PCAARRD-DOST
=050 ##$aFil(B) S539$bP45r$cno. 53-C
=100 1102#$aPhilippine Council for Agriculture, Aquatic and Natural Resources Research and Development (PCAARRD)
=245 24500$aThe Philippines recommends for bamboo production$cPhilippine Council for Agriculture, Aquatic and Natural Resources Research and Development (PCAARRD)
=250 250##$aReprint edition
=300 300##$a74 leaves$bwith colored photos and non colored illustrations

