=LDR  00000nam  2200000   4500
=001 PCRD-H000332
=003 000355
=020 971-20-0468-6
=040 PCAARRD-DOST
=050 ##$aFil(B) S539$bP45r$cno. 41-A
=100 1102#$aPhilippine Council for Agriculture, Aquatic and Natural Resources Research and Development (PCAARRD)
=245 24500$aThe Philippines recommends for veneer and plywood$cPhilippine Council for Agriculture, Aquatic and Natural Resources Research and Development (PCAARRD)
=250 250##$aSecond edition, Revised edition
=300 300##$aix, 111 leaves$bwith colored photos

