=LDR  00000nam  2200000   4500
=001 PCRD-H000334
=003 000356
=020 971-20-0434-1
=040 PCAARRD-DOST
=050 ##$aFil(B) S539$bP45r$cno. 33-C
=100 1102#$aPhilippine Council for Agriculture, Aquatic and Natural Resources Research and Development (PCAARRD)
=245 24500$aThe Philippines recommends for rubber$cPhilippine Council for Agriculture, Aquatic and Natural Resources Research and Development (PCAARRD)
=250 250##$aFifth edition, revised edition
=300 300##$axii, 181 leaves$bwith colored photos

