=LDR  00000nam  2200000   4500
=001 PCRD-H000335
=003 000357
=020 971-20-0478-3
=040 PCAARRD-DOST
=050 ##$aFil(B) S539$bP45r$cno. 9-C
=100 1102#$aPhilippine Council for Agriculture, Aquatic and Natural Resources Research and Development (PCAARRD)
=245 24500$aThe Philippines recommends for beef cattle production$cPhilippine Council for Agriculture, Aquatic and Natural Resources Research and Development (PCAARRD)
=250 250##$aFifth edition, reprint edition
=300 300##$aix, 129 leaves$bwith colored photos and non colored illustrations

