=LDR  00000nam  2200000   4500
=001 PCRD-H000337
=003 000359
=020 0115-7833
=040 PCAARRD-DOST
=050 ##$aFil(B) S539$bP45r$cno. 96
=100 1102#$aPhilippine Council for Agriculture, Aquatic and Natural Resources Research and Development (PCAARRD)
=245 24500$aThe Philippines recommends for water-saving technologies for rice and other crops$cPhilippine Council for Agriculture, Aquatic and Natural Resources Research and Development (PCAARRD)
=250 250##$aSecond edition, revised editiion
=300 300##$axix, 139 leaves$bwith colored photos

