=LDR  00000nam  2200000   4500
=001 PCRD-H000339
=003 000362
=040 PCAARRD-DOST
=050 ##$aFil(B) S539$bP45r$c1976 Ma
=100 1102#$aPhilippine Council for Agriculture, Aquatic and Natural Resources Research and Development (PCAARRD)
=245 24500$aAng Pilipinas nagrekomendar para sa mais 1976$cPhilippine Council for Agriculture, Aquatic and Natural Resources Research and Development (PCAARRD)
=250 250##$a[Cebuano edition]
=300 300##$ax, 120 leaves$bwith colored photos and non colored illustrations

