=LDR  00000nam  2200000   4500
=001 PCRD-H000344
=003 000367
=020 971-20-0522-4
=040 PCAARRD-DOST
=050 ##$aFil(B) S539$bP45r$cno. 24-E
=100 1102#$aPhilippine Council for Agriculture, Aquatic and Natural Resources Research and Development (PCAARRD)
=245 24500$aThe Philippines recommends for goat farming$cPhilippine Council for Agriculture, Aquatic and Natural Resources Research and Development (PCAARRD)
=250 250##$aFourth edition, revised edition
=300 300##$axiv, 137 leaves$bwith colored photos

