=LDR  00000nam  2200000   4500
=001 PCRD-H000345
=003 000368
=020 0115-7833
=040 PCAARRD-DOST
=050 ##$aFil(B) S539$bP45r$cno. 24-C
=100 1102#$aPhilippine Council for Agriculture, Aquatic and Natural Resources Research and Development (PCAARRD)
=245 24500$aThe Philippines recommends for goat farming$cPhilippine Council for Agriculture, Aquatic and Natural Resources Research and Development (PCAARRD)
=250 250##$aThird edition, reprint edition
=300 300##$aix, 101 leaves$bwith colored photos and non colored illustrations

