=LDR  00000nam  2200000   4500
=001 PCRD-H000350
=003 000372
=020 971-20-0518-6
=040 PCAARRD-DOST
=050 ##$aFil(B) S539$bP45r$cno. 90
=100 1102#$aPhilippine Council for Agriculture, Aquatic and Natural Resources Research and Development (PCAARRD)
=245 24500$aThe Philippines recommends for duck egg production$cPhilippine Council for Agriculture, Aquatic and Natural Resources Research and Development (PCAARRD)
=250 250##$aFirst edition
=300 300##$axi, 50 leaves$bwith colored photos

