=LDR  00000nam  2200000   4500
=001 PCRD-H000352
=003 000374
=020 971-20-0518-6
=040 PCAARRD-FB-00112
=050 ##$aFil(B) S539$bP45r$cno. 90-D
=100 1102#$aPhilippine Council for Agriculture, Aquatic and Natural Resources Research and Development (PCAARRD)
=245 24500$aThe Philippines recommends for duck egg production$cPhilippine Council for Agriculture, Aquatic and Natural Resources Research and Development (PCAARRD)
=250 250##$aFifth edition, reprint edition
=300 300##$axi, 2015$bwith colored photos

