=LDR  00000nam  2200000   4500
=001 PCRD-H000353
=003 000375
=020 0115-7833
=040 PCAARRD-DOST
=050 ##$aFil(B) S539$bP45r$cno. 94
=100 1102#$aPhilippine Council for Agriculture, Aquatic and Natural Resources Research and Development (PCAARRD)
=245 24500$aThe Philippines recommends for reforestation, tree farming and plantation development$cPhilippine Council for Agriculture, Aquatic and Natural Resources Research and Development (PCAARRD)
=250 250##$aFirst edition
=300 300##$axx, 221 leaves$bwith colored photos

