=LDR  00000nam  2200000   4500
=001 PCRD-H000355
=003 000377
=020 971-20-0479-1
=040 PCAARRD-DOST
=050 ##$aFil(B) S539$bP45r$cno. 88
=100 1102#$aPhilippine Council for Agriculture, Aquatic and Natural Resources Research and Development (PCAARRD)
=245 24500$aThe Philippines recommends for sugarcane$cPhilippine Council for Agriculture, Aquatic and Natural Resources Research and Development (PCAARRD)
=250 250##$aFirst edition
=300 300##$axxi, 201 leaves$bwith colored photos

