=LDR  00000nam  2200000   4500
=001 PCRD-H000358
=003 000380
=020 971-20-0526-7
=040 PCAARRD-DOST
=050 ##$aFil(B) S539$bP45r$cno. 93
=100 1102#$aPhilippine Council for Agriculture, Aquatic and Natural Resources Research and Development (PCAARRD)
=245 24500$aThe Philippines recommends for soil diagnosis and amelioration$cPhilippine Council for Agriculture, Aquatic and Natural Resources Research and Development (PCAARRD)
=250 250##$aFirst edition
=300 300##$axxi, 138 leaves$bwith colored photos

