=LDR  00000nam  2200000   4500
=001 PCRD-H000362
=003 000385
=020 971-20-0206-3
=040 PCAARRD-DOST
=050 ##$aFil(B) S539$bP45r$cno. 9-B
=100 1102#$aPhilippine Council for Agriculture, Aquatic and Natural Resources Research and Development (PCAARRD)
=245 24500$aThe Philippines recommends for beef cattle production$cPhilippine Council for Agriculture, Aquatic and Natural Resources Research and Development (PCAARRD)
=250 250##$aThird edition, revised edition
=300 300##$a129 leaves$bwith colored photos

