=LDR  00000nam  2200000   4500
=001 PCRD-H000363
=003 000386
=020 0115-7833
=040 PCAARRD-DOST
=050 ##$aFil(B) S539$bP45r$cno. 53-C 2009
=100 1102#$aPhilippine Council for Agriculture, Aquatic and Natural Resources Research and Development (PCAARRD)
=245 24500$aThe Philippines recommends for bamboo$cPhilippine Council for Agriculture, Aquatic and Natural Resources Research and Development (PCAARRD)
=250 250##$aFifth edition, revised edition
=300 300##$axviii, 120 leaves$bwith colored photos

