=LDR  00000nam  2200000   4500
=001 PCRD-H000365
=003 000387
=020 971-20-0526-7
=040 PCAARRD-DOST
=050 ##$aFil(B) S539$bP45r$cno. 91
=100 1102#$aPhilippine Council for Agriculture, Aquatic and Natural Resources Research and Development (PCAARRD)
=245 24500$aThe Philippines recommends for agricultural waste processing and management$cPhilippine Council for Agriculture, Aquatic and Natural Resources Research and Development (PCAARRD)
=250 250##$aFirst edition
=300 300##$axvii, 198 leaves$bwith colored photos and non colored illustrations

