=LDR  00000nam  2200000   4500
=001 PCRD-H000366
=003 000388
=020 0115-7833
=040 PCAARRD-DOST
=050 ##$aFil(B) S539 $bP45r$cno. 59-A
=100 1102#$aPhilippine Council for Agriculture, Aquatic and Natural Resources Research and Development (PCAARRD)
=245 24500$aThe Philippines recommends for agroforestry$cPhilippine Council for Agriculture, Aquatic and Natural Resources Research and Development (PCAARRD)
=250 250##$aSecond edition, revised edition
=300 300##$axii, 90 leaves$bwith colored photos

