=LDR  00000nam  2200000   4500
=001 PCRD-H000369
=003 000392
=040 PCAARRD-DOST
=050 ##$aFil(B) S539$bP45r$c1977 Ru
=100 1102#$aPhilippine Council for Agriculture, Aquatic and Natural Resources Research and Development (PCAARRD)
=245 24500$aThe Philippines recommends for rubber$cPhilippine Council for Agriculture, Aquatic and Natural Resources Research and Development (PCAARRD)
=250 250##$aThird reprinting, reprint edition
=300 300##$avi, 80 leaves$bwith colored photos

