=LDR  00000nam  2200000   4500
=001 PCRD-H000372
=003 000394
=020 971-20-0531-3
=040 PCAARRD-DOST
=050 ##$aFil(B) S539$bP45r$cno. 10-C
=100 1102#$aPhilippine Council for Agriculture, Aquatic and Natural Resources Research and Development (PCAARRD)
=245 24500$aThe Philippines recommends for broiler production$cPhilippine Council for Agriculture, Aquatic and Natural Resources Research and Development (PCAARRD)
=250 250##$aFourth edition, revised edition
=300 300##$axi, 74 leaves$bwith colored photos

