=LDR  00000nam  2200000   4500
=001 PCRD-H000376
=003 000398
=020 971-20-0478-3
=040 PCAARRD-DOST
=050 ##$aFil(B) S539$bP45r$cno. 12-B
=100 1102#$aPhilippine Council for Agriculture, Aquatic and Natural Resources Research and Development (PCAARRD)
=245 24500$aThe Philippines recommends for forage and pasture crops$cPhilippine Council for Agriculture, Aquatic and Natural Resources Research and Development (PCAARRD)
=250 250##$aThird edition, revised edition
=300 300##$ax, 93 leaves$bwith colored photos

