=LDR  00000nam  2200000   4500
=001 PCRD-H000379
=003 000401
=020 0115-7833
=040 PCAARRD-DOST
=050 ##$aFil(B) S539$bP45r$cno. 23-B 2008
=100 1102#$aPhilippine Council for Agriculture, Aquatic and Natural Resources Research and Development (PCAARRD)
=245 24500$aThe Philippines recommends for table egg production$cPhilippine Council for Agriculture, Aquatic and Natural Resources Research and Development (PCAARRD)
=250 250##$aThird edition, revised edition
=300 300##$axii, 81 leaves$bwith colored photos

