=LDR  00000nam  2200000   4500
=001 PCRD-H000382
=003 000402
=040 PCAARRD-DOST
=050 ##$aFil(B) S539$bP45r$cno. 33-A
=100 1102#$aPhilippine Council for Agriculture, Aquatic and Natural Resources Research and Development (PCAARRD)
=245 24500$aThe Philippines recommends for rubber$cPhilippine Council for Agriculture, Aquatic and Natural Resources Research and Development (PCAARRD)
=250 250##$aSecond edition, revised edition
=300 300##$ax, 80 leaves$bwith colored photos

