=LDR  00000nam  2200000   4500
=001 PCRD-H000384
=020 971-20-0475-9
=050 ##$aFil(B) S539$bP45r$cno. 64-A
=100 1102#$aPhilippine Council for Agriculture, Aquatic and Natural Resources Research and Development (PCAARRD)
=245 24500$aThe Philippines recommends for livestock feed formulation$cPhilippine Council for Agriculture, Aquatic and Natural Resources Research and Development (PCAARRD)
=300 300##$aix, 208 leaves$bwith colored photos

