=LDR  00000nam  2200000   4500
=001 PCRD-H000423
=003 000405
=020 0115-7833
=040 PCAARRD-DOST
=050 ##$aFil(B) S539$bP45r$cno. 40-A
=100 1102#$aPhilippine Council for Agriculture, Aquatic and Natural Resources Research and Development (PCAARRD)
=245 24500$aThe Philippines recommends for cacao$cPhilippine Council for Agriculture, Aquatic and Natural Resources Research and Development (PCAARRD)
=250 250##$aRevised edition
=300 300##$axiv, 85 leaves$bwith colored photos and non colored illustrations

