=LDR  00000nam  2200000   4500
=001 PCRD-H000424
=003 000406
=040 PCAARRD-DOST
=050 ##$aFil(B) S539$bP45r$c1976 C
=100 1102#$aPhilippine Council for Agriculture, Aquatic and Natural Resources Research and Development (PCAARRD)
=245 24500$aThe Philippines recommends for corn 1976$cPhilippine Council for Agriculture, Aquatic and Natural Resources Research and Development (PCAARRD)
=300 300##$avii, 1976$bwith colored photos and non colored illustrations

