=LDR  00000nam  2200000   4500
=001 PCRD-H000425
=003 000407
=040 PCAARRD-DOST
=050 ##$aFil(B) S539$bP45r$c1978 Ir
=100 1102#$aPhilippine Council for Agriculture, Aquatic and Natural Resources Research and Development (PCAARRD)
=245 24500$aThe Philippines recommends for irrigation water management$bvolume 1 lowland rice conditions$cPhilippine Council for Agriculture, Aquatic and Natural Resources Research and Development (PCAARRD)
=300 300##$ax, 120 leaves$bwith colored photos and non colored illsutrations

