=LDR  00000nam  2200000   4500
=001 PCRD-H000428
=003 000408
=040 PCAARRD-DOST
=050 ##$aFil(S) S21.A74$bI54b$cno.1/1981
=100 1102#$aPhilippine Council for Agriculture, Aquatic and Natural Resources Research and Development (PCAARRD)
=245 24500$aThe program-planning cycle of PCAARR$cPhilippine Council for Agriculture, Aquatic and Natural Resources Research and Development (PCAARRD)
=300 300##$a15 leaves$bwith non colored photos

