=LDR  00000nam  2200000   4500
=001 PCRD-H000431
=003 000409
=040 PCAARRD-DOST
=050 ##$aFil(S) S21.A74$bI54b$cno.2/1982
=100 1102#$aPhilippine Council for Agriculture, Aquatic and Natural Resources Research and Development (PCAARRD)
=245 24500$aScientific literature service center$binformation guide$cPhilippine Council for Agriculture, Aquatic and Natural Resources Research and Development (PCAARRD)
=300 300##$a13 leaves

