=LDR  00000nam  2200000   4500
=001 PCRD-H000433
=003 000410
=040 PCAARRD-DOST
=050 ##$aFil(S) S21.A74$bI54b$cno.3/1982
=100 1102#$aPhilippine Council for Agriculture, Aquatic and Natural Resources Research and Development (PCAARRD)
=245 24500$aHonororia guidelines of researchers, research evaluators and consultants in the National Agriculture and Resources Research System$cPhilippine Council for Agriculture, Aquatic and Natural Resources Research and Development (PCAARRD)
=300 300##$a14 leaves

