=LDR  00000nam  2200000   4500
=001 PCRD-H000435
=003 000411
=040 PCAARRD-DOST
=050 ##$aFil(S) S21.A74$bI54b$cno.4
=100 1102#$aPhilippine Council for Agriculture, Aquatic and Natural Resources Research and Development (PCAARRD)
=245 24500$aThe implication of the word development in PCARRD$cPhilippine Council for Agriculture, Aquatic and Natural Resources Research and Development (PCAARRD)
=300 300##$a12 leaves

