=LDR  00000nam  2200000   4500
=001 PCRD-H000437
=003 000412
=040 PCAARRD-DOST
=050 ##$aFil(S) S21.A74$bI54b$cno.5/1983
=100 1102#$aPhilippine Council for Agriculture, Aquatic and Natural Resources Research and Development (PCAARRD)
=245 24500$aResearch management capability program (non-degree training courses)$cPhilippine Council for Agriculture, Aquatic and Natural Resources Research and Development (PCAARRD)
=300 300##$a41 leaves$bwith non colored illustrations

