=LDR  00000nam  2200000   4500
=001 PCRD-H000439
=003 000414
=040 PCAARRD-DOST
=050 ##$aFil(S) S21.A74$bI54b$cno.6/1983
=100 1102#$aPhilippine Council for Agriculture, Aquatic and Natural Resources Research and Development (PCAARRD)
=245 24500$aThe PCAARRD directors$cPhilippine Council for Agriculture, Aquatic and Natural Resources Research and Development (PCAARRD)
=300 300##$a32 leaves

