=LDR  00000nam  2200000   4500
=001 PCRD-H000441
=003 000415
=040 PCAARRD-DOST
=050 ##$aFil(S) S21.A74$bI54b$cno.7/1983
=100 1102#$aPhilippine Council for Agriculture, Aquatic and Natural Resources Research and Development (PCAARRD)
=245 24500$aA catalogue of PCAARRD publications 1972-1982$cPhilippine Council for Agriculture, Aquatic and Natural Resources Research and Development (PCAARRD)
=300 300##$a45 leaves$bwith non colored photos

