=LDR  00000nam  2200000   4500
=001 PCRD-H000443
=003 000416
=040 PCAARRD-DOST
=050 ##$aFil(S) S21.A74$bI54b$cno.8/1983
=100 1102#$aPhilippine Council for Agriculture, Aquatic and Natural Resources Research and Development (PCAARRD)
=245 24500$aPantas and tanglaw awards 1974 - 1983$cPhilippine Council for Agriculture, Aquatic and Natural Resources Research and Development (PCAARRD)
=300 300##$a25 leaves$bwith non colored photos

