=LDR  00000nam  2200000   4500
=001 PCRD-H000445
=003 000417
=040 PCAARRD-DOST
=050 ##$aFil(S) S21.A74$bI54b$cno.9/1984
=100 1102#$aPhilippine Council for Agriculture, Aquatic and Natural Resources Research and Development (PCAARRD)
=245 24500$a The agricultural research development project 1$ba synthesis$cPhilippine Council for Agriculture, Aquatic and Natural Resources Research and Development (PCAARRD)
=300 300##$a34 leaves

