=LDR  00000nam  2200000   4500
=001 PCRD-H000447
=003 000418
=040 PCAARRD-DOST
=050 ##$aFil(S) S21.A74$bI54b$cno.10/1985
=100 1102#$aPhilippine Council for Agriculture, Aquatic and Natural Resources Research and Development (PCAARRD)
=245 24500$aPCARRD$bnational science and technology authority$cPhilippine Council for Agriculture, Aquatic and Natural Resources Research and Development (PCAARRD)
=300 300##$a20 leaves$bwith colored photos

