=LDR  00000nam  2200000   4500
=001 PCRD-H000449
=003 000419
=040 PCAARRD-DOST
=050 ##$aFil(S) S21.A74$bI54b$cno.11/1986
=100 1102#$aPhilippine Council for Agriculture, Aquatic and Natural Resources Research and Development (PCAARRD)
=245 24500$aResource generation for agriculture and natural resources research$cPhilippine Council for Agriculture, Aquatic and Natural Resources Research and Development (PCAARRD)
=300 300##$a52 leaves

