=LDR  00000nam  2200000   4500
=001 PCRD-H000451
=003 000421
=040 PCAARRD-DOST
=050 ##$aFil(S) S21.A74$bI54b$cno.12/1986
=100 1102#$aPhilippine Council for Agriculture, Aquatic and Natural Resources Research and Development (PCAARRD)
=245 24500$aThe agricultural research development project 2$ba synthesis$cPhilippine Council for Agriculture, Aquatic and Natural Resources Research and Development (PCAARRD)
=300 300##$a46 leaves

