=LDR  00000nam  2200000   4500
=001 PCRD-H000453
=003 000422
=040 PCAARRD-DOST
=050 ##$aFil(S) S21.A74$bI54b$cno.13/1986
=100 1102#$aPhilippine Council for Agriculture, Aquatic and Natural Resources Research and Development (PCAARRD)
=245 24500$aThe National research and development network$cPhilippine Council for Agriculture, Aquatic and Natural Resources Research and Development (PCAARRD)
=300 300##$a38 leaves

