=LDR  00000nam  2200000   4500
=001 PCRD-H000455
=003 000423
=040 PCAARRD-DOST
=050 ##$aFil(S) S21.A74$bI54b$cno.14/1987
=100 1102#$aPhilippine Council for Agriculture, Aquatic and Natural Resources Research and Development (PCAARRD)
=245 24500$aManpower resources development program$cPhilippine Council for Agriculture, Aquatic and Natural Resources Research and Development (PCAARRD)
=300 300##$avii, 63 leaves

