=LDR  00000nam  2200000   4500
=001 PCRD-H000458
=003 000424
=020 971-20-0114-8
=040 PCAARRD-DOST
=050 ##$aFil(B) S495$bB66S$cno. 99/1990
=100 1102#$aPhilippine Council for Agriculture, Aquatic and Natural Resources Research and Development (PCAARRD)
=245 24500$aRattan$bProceedings of the national symposium on rattan (Ecotech Center, Lahug, Cebu City - June 1-3, 1988)$cPhilippine Council for Agriculture, Aquatic and Natural Resources Research and Development (PCAARRD)
=300 300##$aviii, 182 leaves$bwith non colored photo

