=LDR  00000nam  2200000   4500
=001 PCRD-H000459
=003 000425
=020 971-20-0474-0
=040 PCAARRD-DOST
=050 ##$aFil(B) S495$bB66S$cno. 171/2000
=100 1102#$aPhilippine Council for Agriculture, Aquatic and Natural Resources Research and Development (PCAARRD)
=245 24500$aSweet potato in Tropical Asia$cby the Philippine Council for Agriculture, Aquatic and Natural Resources Research and Development (PCAARRD); Eufemio T. Rasco Jr. and Vilma dR. Amante, editors
=300 300##$axvi, 230 leaves$bwith colored photos and non colored illustrations

