=LDR  00000nam  2200000   4500
=001 PCRD-H000460
=003 000426
=020 971-20-0476-7
=040 PCAARRD-DOST
=050 ##$aFil(B) S495$bB66S$cno. 172/2000
=100 1102#$aPhilippine Council for Agriculture, Aquatic and Natural Resources Research and Development (PCAARRD)
=245 24500$aBulbcrops database$cby the Philippine Council for Agriculture, Aquatic and Natural Resources Research and Development (PCAARRD)
=300 300##$ax, 125 leaves$bwith colored photos

