=LDR  00000nam  2200000   4500
=001 PCRD-H000461
=003 000427
=020 971-20-0190-3
=040 PCAARRD-DOST
=050 ##$aFil(B) S495$bB66S$cno. 119/1991
=100 1102#$aPhilippine Council for Agriculture, Aquatic and Natural Resources Research and Development (PCAARRD)
=245 24500$aResearch guide on the conduct of agronomic and nutrition studies in coconut$cby the Philippine Council for Agriculture, Aquatic and Natural Resources Research and Development (PCAARRD)
=300 300##$a19 leaves$bwith colored photos

