=LDR  00000nam  2200000   4500
=001 PCRD-H000462
=003 000428
=020 971-20-0319-1
=040 PCAARRD-DOST
=050 ##$aFil(B) S495$bB66S$cno. 134/1993
=100 1102#$aPhilippine Council for Agriculture, Aquatic and Natural Resources Research and Development (PCAARRD)
=245 24500$aThe Philippine rubber industry master plan$cby the Philippine Council for Agriculture, Aquatic and Natural Resources Research and Development (PCAARRD)
=300 300##$a117 leaves$bwith non colored illustrations

