=LDR  00000nam  2200000   4500
=001 PCRD-H000464
=003 000429
=020 971-20-0462-7
=040 PCAARRD-DOST
=050 ##$aFil(B) S495$bB66S$cno. 167-C/2006
=100 1102#$aPhilippine Council for Agriculture, Aquatic and Natural Resources Research and Development (PCAARRD)
=245 24500$aMango production manual$cby the Philippine Council for Agriculture, Aquatic and Natural Resources Research and Development (PCAARRD)
=250 250##$aSecond edition, reprint edition
=300 300##$axi, 127 leaves$bwith colored photos

