=LDR  00000nam  2200000   4500
=001 PCRD-H000465
=003 000430
=020 971-20-0327-2
=040 PCAARRD-DOST
=050 ##$aFil(B) S495$bB66S$cno. 139/1993
=100 1102#$aPhilippine Council for Agriculture, Aquatic and Natural Resources Research and Development (PCAARRD)
=245 24500$aBiotechnology for agriculture, forestry, and environment$cby the Philippine Council for Agriculture, Aquatic and Natural Resources Research and Development (PCAARRD)
=300 300##$a122 leaves

