=LDR  00000nam  2200000   4500
=001 PCRD-H000466
=003 000431
=020 971-20-0439-2
=040 PCAARRD-DOST
=050 ##$aFil(B) S495$bB66S$cno. 160/1997
=100 1102#$aPhilippine Council for Agriculture, Aquatic and Natural Resources Research and Development (PCAARRD)
=245 24500$aDevelopments in agroforestry research$cby the Philippine Council for Agriculture, Aquatic and Natural Resources Research and Development (PCAARRD)
=300 300##$aviii, 486 leaves

