=LDR  00000nam  2200000   4500
=001 PCRD-H000467
=003 000432
=040 PCAARRD-DOST
=050 ##$aFil(B) S495$bB66S$cno. 100/1990
=100 1102#$aPhilippine Council for Agriculture, Aquatic and Natural Resources Research and Development (PCAARRD)
=245 24500$aNational management information system$cby the Philippine Council for Agriculture, Aquatic and Natural Resources Research and Development (PCAARRD)
=300 300##$aviii, 259 leaves$bwith colored photos

