=LDR  00000nam  2200000   4500
=001 PCRD-H000468
=003 000433
=020 971-20-0439-2
=040 PCAARRD-FB-00196
=050 ##$aFil(B) S495$bB66S$cno. 158/1996
=100 1102#$aPhilippine Council for Agriculture, Aquatic and Natural Resources Research and Development (PCAARRD)
=245 24500$aMarketing of agricultural commodities by producer groups in the Philippines$cby the Philippine Council for Agriculture, Aquatic and Natural Resources Research and Development (PCAARRD)
=300 300##$axiii, 419 leaves$bwith colored photos

