=LDR  00000nam  2200000   4500
=001 PCRD-H000469
=003 000434
=020 971-20-0119-9
=040 PCAARRD-DOST
=050 ##$aFil(B) S495$bB66S$cno. 92/1990
=100 1102#$aPhilippine Council for Agriculture, Aquatic and Natural Resources Research and Development (PCAARRD)
=245 24500$aTechnology assessment for agriculture in the Philippines$cby the Philippine Council for Agriculture, Aquatic and Natural Resources Research and Development (PCAARRD)
=300 300##$axii, 299 leaves

