=LDR  00000nam  2200000   4500
=001 PCRD-H000470
=003 000435
=020 971-20-0364-7
=040 PCAARRD-DOST
=050 ##$aFil(B) S495$bB66S$cno. 150/1994
=100 1102#$aPhilippine Council for Agriculture, Aquatic and Natural Resources Research and Development (PCAARRD)
=245 24500$aStatus of industrial timber in the Philippines$cby the Philippine Council for Agriculture, Aquatic and Natural Resources Research and Development (PCAARRD)
=300 300##$av, 47 leaves

