=LDR  00000nam  2200000   4500
=001 PCRD-H000471
=003 000436
=020 971-20-0377-9
=040 PCAARRD-DOST
=050 ##$aFil(B) S495$bB66S$cno. 153/1995
=100 1102#$aPhilippine Council for Agriculture, Aquatic and Natural Resources Research and Development (PCAARRD)
=245 24500$aParticipatory environmental conservation and management$cby the Philippine Council for Agriculture, Aquatic and Natural Resources Research and Development (PCAARRD)
=300 300##$avi, 94 leaves

