=LDR  00000nam  2200000   4500
=001 PCRD-H000472
=003 000437
=020 971-20-0406-6
=040 PCAARRD-DOST
=050 ##$aFil(B) S495$bB66S$cno. 154/1995
=100 1102#$aPhilippine Council for Agriculture, Aquatic and Natural Resources Research and Development (PCAARRD)
=245 24500$aPests and diseases of forest plantation trees in the Philippines$cby the Philippine Council for Agriculture, Aquatic and Natural Resources Research and Development (PCAARRD)
=300 300##$axxi, 177 leaves$bwith colored photos

