=LDR  00000nam  2200000   4500
=001 PCRD-H000473
=003 000438
=020 971-20-0315-9
=040 PCAARRD-DOST
=050 ##$aFil(B) S495$bB66S$cno. 132/1993
=100 1102#$aPhilippine Council for Agriculture, Aquatic and Natural Resources Research and Development (PCAARRD)
=245 24500$aConservation of biological diversity in the Philippines$cby the Philippine Council for Agriculture, Aquatic and Natural Resources Research and Development (PCAARRD)
=300 300##$aiv, 73 leaves

