=LDR  00000nam  2200000   4500
=001 PCRD-H000474
=003 000439
=020 971-20-0226-8
=040 PCAARRD-DOST
=050 ##$aFil(B) S495$bB66S$cno. 127/1992
=100 1102#$aPhilippine Council for Agriculture, Aquatic and Natural Resources Research and Development (PCAARRD)
=245 24500$aMangrove productivity$cby the Philippine Council for Agriculture, Aquatic and Natural Resources Research and Development (PCAARRD)
=300 300##$a120 leaves

