=LDR  00000nam  2200000   4500
=001 PCRD-H000475
=003 000440
=020 971-20-0132-6
=040 PCAARRD-DOST
=050 ##$aFil(B) S495$bB66S$cno. 103/1990
=100 1102#$aPhilippine Council for Agriculture, Aquatic and Natural Resources Research and Development (PCAARRD)
=245 24500$aSoil and water conservation measures and agroforestry$cPhilippine Council for Agriculture, Aquatic and Natural Resources Research and Development (PCAARRD)
=300 300##$av, 193 leaves

