=LDR  00000nam  2200000   4500
=001 PCRD-H000476
=003 000441
=020 971-20-0131-8
=040 PCAARRD-DOST
=050 ##$aFil(B) S495$bB66S$cno. 102/1990
=100 1102#$aPhilippine Council for Agriculture, Aquatic and Natural Resources Research and Development (PCAARRD)
=245 24500$aEnvironmental research and development$cby the Philippine Council for Agriculture, Aquatic and Natural Resources Research and Development (PCAARRD)
=300 300##$a80 leaves$bwith non colored illustration

