=LDR  00000nam  2200000   4500
=001 PCRD-H000477
=003 000442
=020 971-20-0338-8
=040 PCAARRD-DOST
=050 ##$aFil(B) S495$bB66S$cno. 144/1994
=100 1102#$aPhilippine Council for Agriculture, Aquatic and Natural Resources Research and Development (PCAARRD)
=245 24500$aConsultative meeting on wildlife production and trade$cby the Philippine Council for Agriculture, Aquatic and Natural Resources Research and Development (PCAARRD)
=300 300##$av, 118 leaves

