=LDR  00000nam  2200000   4500
=001 PCRD-H000478
=003 000444
=020 971-20-0116
=040 PCAARRD-DOST
=050 ##$aFil(B) S495$bB66S$cno. 90/1990
=100 1102#$aPhilippine Council for Agriculture, Aquatic and Natural Resources Research and Development (PCAARRD)
=245 24500$aSocioeconomic study on peanut production in the Philippines$cby the Philippine Council for Agriculture, Aquatic and Natural Resources Research and Development (PCAARRD)
=300 300##$a44 leaves

