=LDR  00000nam  2200000   4500
=001 PCRD-H000479
=003 000445
=020 971-20-0117-2
=040 PCAARRD-DOST
=050 ##$aFil(B) S495$bB66S$cno. 91/1990
=100 1102#$aPhilippine Council for Agriculture, Aquatic and Natural Resources Research and Development (PCAARRD)
=245 24500$aPeanut consumption patterns in the Philippines$cby the Philippine Council for Agriculture, Aquatic and Natural Resources Research and Development (PCAARRD)
=300 300##$aviii, 85 leaves

