=LDR  00000nam  2200000   4500
=001 PCRD-H000480
=003 000446
=020 971-20-0333-7
=040 PCAARRD-DOST
=050 ##$aFil(B) S495 $bB66S$cno. 142/1994
=100 1102#$aPhilippine Council for Agriculture, Aquatic and Natural Resources Research and Development (PCAARRD)
=245 24500$aPropagation of some indigenous reforestation species$cby the Philippine Council for Agriculture, Aquatic and Natural Resources Research and Development (PCAARRD)
=300 300##$a47 leaves

