=LDR  00000nam  2200000   4500
=001 PCRD-H000481
=003 000447
=020 971-20-0371-X
=040 PCAARRD-DOST
=050 ##$aFil(B) S495$bB66S$cno. 150/1994
=100 1102#$aPhilippine Council for Agriculture, Aquatic and Natural Resources Research and Development (PCAARRD)
=245 24500$aPropagation of some indigenous reforestation species volume II$cby the Philippine Council for Agriculture, Aquatic and Natural Resources Research and Development (PCAARRD)
=300 300##$avi, 56 leaves$bwith colored photos

