=LDR  00000nam  2200000   4500
=001 PCRD-H000483
=003 000448
=020 971-20-0211-X
=040 PCAARRD-DOST
=050 ##$aFil(B) S495$bB66S$cno. 115/1991
=100 1102#$aPhilippine Council for Agriculture, Aquatic and Natural Resources Research and Development (PCAARRD)
=245 24500$aSuccess stories of farmer-managed coconut-based farming systems, volume I$cby the Philippine Council for Agriculture, Aquatic and Natural Resources Research and Development (PCAARRD)
=300 300##$aix, 51 leaves

