=LDR  00000nam  2200000   4500
=001 PCRD-H000485
=003 000450
=020 971-20-449-x
=040 PCAARRD-DOST
=050 ##$aFil(B) S495$bB66S$cno. 164/1997
=100 1102#$aPhilippine Council for Agriculture, Aquatic and Natural Resources Research and Development (PCAARRD)
=245 24500$aEconomic viability of an integrated fruit fly management program in Guimaras$cby the Philippine Council for Agriculture, Aquatic and Natural Resources Research and Development (PCAARRD)
=300 300##$axi, 103 leaves

