=LDR  00000nam  2200000   4500
=001 PCRD-H000486
=003 000451
=020 971-20-0431-7
=040 PCAARRD-DOST
=050 ##$aFil(B) S495$bB66S$cno. 157/1996
=100 1102#$aPhilippine Council for Agriculture, Aquatic and Natural Resources Research and Development (PCAARRD)
=245 24500$aStrengthening research and extension linkage$cby the Philippine Council for Agriculture, Aquatic and Natural Resources Research and Development (PCAARRD)
=300 300##$avi, 65 leaves

