=LDR  00000nam  2200000   4500
=001 PCRD-H000487
=003 000452
=020 971-20-0199-7
=040 PCAARRD-DOST
=050 ##$aFil(B) S495$bB66S$cno. 118/1991
=100 1102#$aPhilippine Council for Agriculture, Aquatic and Natural Resources Research and Development (PCAARRD)
=245 24500$aMeasuring the economic viability of agricultural technologies$cby the Philippine Council for Agriculture, Aquatic and Natural Resources Research and Development (PCAARRD)
=300 300##$a34 leaves

