=LDR  00000nam  2200000   4500
=001 PCRD-H000488
=003 000453
=020 971-20-0203-9 
=040 PCAARRD-DOST
=050 ##$aFil(B) S495$bB66S$cno. 111/1991
=100 1102#$aPhilippine Council for Agriculture, Aquatic and Natural Resources Research and Development (PCAARRD)
=245 24500$aRoot crops in the Philippines : status, potential, and policy issues$cby the Philippine Council for Agriculture, Aquatic and Natural Resources Research and Development (PCAARRD)
=300 300##$aiv, 111 leaves

