=LDR  00000nam  2200000   4500
=001 PCRD-H000489
=003 000454
=040 PCAARRD-DOST
=050 ##$aFil(B) S495$bB66S$cno. 87/1990
=100 1102#$aPhilippine Council for Agriculture, Aquatic and Natural Resources Research and Development (PCAARRD)
=245 24500$aAnalysis of policy issues associated with technology transfer in rural development$cby the Philippine Council for Agriculture, Aquatic and Natural Resources Research and Development (PCAARRD)
=300 300##$ai, 151 leaves

