=LDR  00000nam  2200000   4500
=001 PCRD-H000490
=003 000455
=020 971-20-0189-X
=040 PCAARRD-DOST
=050 ##$aFil(B) S495$bB66S$cno. 114/1991
=100 1102#$aPhilippine Council for Agriculture, Aquatic and Natural Resources Research and Development (PCAARRD)
=245 24500$aManagement and utilization of acid soils$cby the Philippine Council for Agriculture, Aquatic and Natural Resources Research and Development (PCAARRD)
=300 300##$aviii, 159 leaves

