=LDR  00000nam  2200000   4500
=001 PCRD-H000491
=003 000456
=020 971-20-0305-
=040 PCAARRD-DOST
=050 ##$aFil(B) S495$bB66S$cno. 128/1992
=100 1102#$aPhilippine Council for Agriculture, Aquatic and Natural Resources Research and Development (PCAARRD)
=245 24500$aStrengthening farm weather forecast and advisory system in the Philippines$cby the Philippine Council for Agriculture, Aquatic and Natural Resources Research and Development (PCAARRD)
=300 300##$aviii, 151 leaves$bwith non colored illustration

