=LDR  00000nam  2200000   4500
=001 PCRD-H000492
=003 000457
=020 971-20-0201-2
=040 PCAARRD-DOST
=050 ##$aFil(B) S495$bB66S$cno. 110/1991
=100 1102#$aPhilippine Council for Agriculture, Aquatic and Natural Resources Research and Development (PCAARRD)
=245 24500$aProductivity enhancement in rainfed areas$cby the Philippine Council for Agriculture, Aquatic and Natural Resources Research and Development (PCAARRD)
=300 300##$avi, 115 leaves

