=LDR  00000nam  2200000   4500
=001 PCRD-H000493
=003 000458
=020 971-20-0159-8
=040  PCAARRD-DOST
=050 ##$aFil(B) S495$bB66S$cno. 101/1990
=100 1102#$aPhilippine Council for Agriculture, Aquatic and Natural Resources Research and Development (PCAARRD)
=245 24500$aTechnology transfer for sustainable development$cby the Philippine Council for Agriculture, Aquatic and Natural Resources Research and Development (PCAARRD)
=300 300##$avii, 88 leaves

