=LDR  00000nam  2200000   4500
=001 PCRD-H000495
=003 000459
=020 971-20-0225-X
=040 PCAARRD-DOST
=050 ##$aFil(B) S495$bB66S$cno. 122/1992
=100 1102#$aPhilippine Council for Agriculture, Aquatic and Natural Resources Research and Development (PCAARRD)
=245 24500$aIrrigation management for rice-based farming systems in the Philippines$cby the Philippine Council for Agriculture, Aquatic and Natural Resources Research and Development (PCAARRD)
=300 300##$a357 leaves$bwith non colored illustrations

