=LDR  00000nam  2200000   4500
=001 PCRD-H000496
=003 000460
=020 978-971-20-0554-1
=040 PCAARRD-DOST
=050 ##$aFil(B) S495$bB66S$cno. 2/2013
=100 1102#$aPhilippine Council for Agriculture, Aquatic and Natural Resources Research and Development (PCAARRD)
=245 24500$aA collection of Philippine Hoyas and their culture$cby the Philippine Council for Agriculture, Aquatic and Natural Resources Research and Development (PCAARRD)
=300 300##$axv, 195 leaves$bwith colored photos

