=LDR  00000nam  2200000   4500
=001 PCRD-H000497
=003 000461
=020 971-20-0321-3
=040  PCAARRD-DOST
=050 ##$aFil(B) S495$bB66S$cno. 137/1993
=100 1102#$aPhilippine Council for Agriculture, Aquatic and Natural Resources Research and Development (PCAARRD)
=245 24500$aManual on small farm reservoir$cby the Philippine Council for Agriculture, Aquatic and Natural Resources Research and Development (PCAARRD)
=300 300##$aviii, 92 leaves$bwith non colored illustrations

