=LDR  00000nam  2200000   4500
=001 PCRD-H000498
=003 000462
=020 971-20-0325-6
=040  PCAARRD-DOST
=050 ##$aFil(B) S495$bB66S $cno. 138/1993
=100 1102#$aPhilippine Council for Agriculture, Aquatic and Natural Resources Research and Development (PCAARRD)
=245 24500$aMango production and processing technologies$cby the Philippine Council for Agriculture, Aquatic and Natural Resources Research and Development (PCAARRD)
=300 300##$avi, 70 leaves

