=LDR  00000nam  2200000   4500
=001 PCRD-H000499
=003 000463
=020 971-20-0328-0
=040  PCAARRD-DOST
=050 ##$aFil(B) S495$bB66S$cno. 141/1993
=100 1102#$aPhilippine Council for Agriculture, Aquatic and Natural Resources Research and Development (PCAARRD)
=245 24500$aMinimum resource requirements for r and d capability in the NARRDN$cby the Philippine Council for Agriculture, Aquatic and Natural Resources Research and Development (PCAARRD)
=300 300##$aiv, 97 leaves

