=LDR  00000nam  2200000   4500
=001 PCRD-H000500
=003 000916
=020 971-20-0343-4
=040 PCAARRD-DOST
=050 ##$aFil(B) S495$bB66S$cno. 146/1994
=100 1102#$aPhilippine Council for Agriculture, Aquatic and Natural Resources Research and Development (PCAARRD)
=245 24500$aCoconut-based farming systems$cby the Philippine Council for Agriculture, Aquatic and Natural Resources Research and Development (PCAARRD)
=300 300##$aix, 254 leaves

