=LDR  00000nam  2200000   4500
=001 PCRD-H000501
=003 000917
=020 971-20-0372-8
=040 PCAARRD-DOST
=050 ##$aFil(B) S495$bB66S$cno. 149/1994
=100 1102#$aPhilippine Council for Agriculture, Aquatic and Natural Resources Research and Development (PCAARRD)
=245 24500$aNational rubber consultative meeting on quality control and quality practices$cby the Philippine Council for Agriculture, Aquatic and Natural Resources Research and Development (PCAARRD)
=300 300##$av, 86 leaves

