=LDR  00000nam  2200000   4500
=001 PCRD-H000502
=003 000918
=020 971-20-0429-5
=040 PCAARRD-DOST
=050 ##$aFil(B) S495$bB66S$cno. 156/1996
=100 1102#$aPhilippine Council for Agriculture, Aquatic and Natural Resources Research and Development (PCAARRD)
=245 24500$aSoil management for grains production in Nueva Vizcaya and Quirino$cby the Philippine Council for Agriculture, Aquatic and Natural Resources Research and Development (PCAARRD)
=300 300##$av, 83 leaves$bwith non colored illustrations

