=LDR  00000nam  2200000   4500
=001 PCRD-H000503
=003 000919
=020 971-20-0424-4
=040 PCAARRD-DOST
=050 ##$aFil(B) S495$bB66S$cno. 155/1996
=100 1102#$aPhilippine Council for Agriculture, Aquatic and Natural Resources Research and Development (PCAARRD)
=245 24500$aGreat flavor of soybean$cby the Philippine Council for Agriculture, Aquatic and Natural Resources Research and Development (PCAARRD)
=300 300##$av, 70 leaves$bwith non colored illustrations

