=LDR  00000nam  2200000   4500
=001 PCRD-H000504
=003 000920
=020 971-20-0441-4
=040 PCAARRD-DOST
=050 ##$aFil(B) S495$bB66S$cno. 161/1997
=100 1102#$aPhilippine Council for Agriculture, Aquatic and Natural Resources Research and Development (PCAARRD)
=245 24500$aGuide on coconut farm rehabilitation$cby the Philippine Council for Agriculture, Aquatic and Natural Resources Research and Development (PCAARRD)
=300 300##$aviii, 86 leaves$bwith non colored illustrations

