=LDR  00000nam  2200000   4500
=001 PCRD-H000506
=003 000909
=020 971-20-0341-8
=040 PCAARRD-DOST
=050 ##$aFil(B) S495$bB66S$cno. 145/1994
=100 1102#$aPhilippine Council for Agriculture, Aquatic and Natural Resources Research and Development (PCAARRD)
=245 24500$aLivestock-based rural enterprises$cby the Philippine Council for Agriculture, Aquatic and Natural Resources Research and Development (PCAARRD)
=300 300##$avi, 175 leaves

