=LDR  00000nam  2200000   4500
=001 PCRD-H000507
=003 000972
=020 971-20-0198-9
=040 PCAARRD-DOST
=050 ##$aFil(B) S495$bB66S$cno. 112/1991
=100 1102#$aPhilippine Council for Agriculture, Aquatic and Natural Resources Research and Development (PCAARRD)
=245 24500$aManual for performance trials for forage and pasture crops$cby th ePhilippine Council for Agriculture, Aquatic and Natural Resources Research and Development (PCAARRD)
=300 300##$av, 19 leaves

