=LDR  00000nam  2200000   4500
=001 PCRD-H000508
=003 000910
=040 PCAARRD-DOST
=050 ##$aFil(B) S495$bB66S$cno. 88/1990
=100 1102#$aPhilippine Council for Agriculture, Aquatic and Natural Resources Research and Development (PCAARRD)
=245 24500$aEstimating returns to research investment in poultry in the Philippines$cby the Philippine Council for Agriculture, Aquatic and Natural Resources Research and Development (PCAARRD)
=300 300##$avii, 120 leaves

