=LDR  00000nam  2200000   4500
=001 PCRD-H000509
=003 000911
=040 PCAARRD-DOST
=050 ##$aFil(B) S495$bB66S$cno. 82/1989
=100 1102#$aPhilippine Council for Agriculture, Aquatic and Natural Resources Research and Development (PCAARRD)
=245 24500$aResearch management in agriculture and natural resources in the Philippines$cby the Philippine Council for Agriculture, Aquatic and Natural Resources Research and Development (PCAARRD)
=300 300##$ax, 370 leaves

