=LDR  00000nam  2200000   4500
=001 PCRD-H000510
=003 000912
=040 PCAARRD-DOST
=050 ##$aFil(B) S495$bB66S$cno. 43/1986
=100 1102#$aPhilippine Council for Agriculture, Aquatic and Natural Resources Research and Development (PCAARRD)
=245 24500$aProduction and utilization of nonconventional feedstuffs for livestock$cby the Philippine Council for Agriculture, Aquatic and Natural Resources Research and Development (PCAARRD)
=300 300##$a72 leaves$bwith non colored illustrations

