=LDR  00000nam  2200000   4500
=001 PCRD-H000511
=003 000913
=040 PCAARRD-DOST
=050 ##$aFil(B) S495$bB66S$cno. 77/1989
=100 1102#$aPhilippine Council for Agriculture, Aquatic and Natural Resources Research and Development (PCAARRD)
=245 24500$aMaximizing the utilization of agrometeorological data for development$cby the Philippine Council for Agriculture, Aquatic and Natural Resources Research and Development (PCAARRD)
=300 300##$aiv, 121 leaves$bwith non colored photos and non colored illustrations

