=LDR  00000nam  2200000   4500
=001 PCRD-H000512
=003 000914
=020 971-20-0464-3
=040 PCAARRD-DOST
=050 ##$aFil(B) S495$bB66S$cno. 169/1999
=100 1102#$aPhilippine Council for Agriculture, Aquatic and Natural Resources Research and Development (PCAARRD)
=245 24500$aAgricultural engineering technologies for soil and water resources conservation and management$cby the Philippine Council for Agriculture, Aquatic and Natural Resources Research and Development (PCAARRD)
=300 300##$avi, 131 leaves$bwith colored photos and non colored illustrations

