=LDR  00000nam  2200000   4500
=001 PCRD-H000513
=003 000915
=040 PCAARRD-DOST
=050 ##$aFil(B) S495$bB66S$cno. 80/1989
=100 1102#$aPhilippine Council for Agriculture, Aquatic and Natural Resources Research and Development (PCAARRD)
=245 24500$aSheep production in Asia$cby the Philippine Council for Agriculture, Aquatic and Natural Resources Research and Development (PCAARRD)
=300 300##$axi, 215 leaves$bwith non colored photos

