=LDR  00000nam  2200000   4500
=001 PCRD-H000514
=003 000903
=020 971-20-0320-5
=040 PCAARRD-DOST
=050 ##$aFil(B) S495$bB66S$cno. 136/1993
=100 1102#$aPhilippine Council for Agriculture, Aquatic and Natural Resources Research and Development (PCAARRD)
=245 24500$aRotary flash paddy dryer$cby the Philippine Council for Agriculture, Aquatic and Natural Resources Research and Development (PCAARRD)
=300 300##$a109 leaves$bwith colored photos and non colored illustrations

