=LDR  00000nam  2200000   4500
=001 PCRD-H000515
=003 000905
=040 PCAARRD-DOST
=050 ##$aFil(B) S495$bB66S$cno. 20/1985
=100 1102#$aPhilippine Council for Agriculture, Aquatic and Natural Resources Research and Development (PCAARRD)
=245 24500$aGoat production in Asia$cby the Philippine Council for Agriculture, Aquatic and Natural Resources Research and Development (PCAARRD)
=300 300##$aviii, 186 leavees$bwith non colored photos and non colored illustrations

