=LDR  00000nam  2200000   4500
=001 PCRD-H000516
=003 000906
=040 PCAARRD-DOST
=050 ##$aFil(B) S495$bB66S$cno. 19/1985
=100 1102#$aPhilippine Council for Agriculture, Aquatic and Natural Resources Research and Development (PCAARRD)
=245 24500$aThe impact of artificial insemination on livestock production in Southeast Asia$cby the Philippine Council for Agriculture, Aquatic and Natural Resources Research and Development (PCAARRD)
=300 300##$avi, 181 leaves$bwith non colored illustrations

