=LDR  00000nam  2200000   4500
=001 PCRD-H000517
=003 000926
=020 971-20-0113-X
=040 PCAARRD-DOST
=050 ##$aFil(B) S495$bB66S$cno. 85/1989
=100 1102#$aPhilippine Council for Agriculture, Aquatic and Natural Resources Research and Development (PCAARRD)
=245 24500$aEnvironment, classification, and agronomic potentials of some wetland soils in the Philippines$cby the Philippine Council for Agriculture, Aquatic and Natural Resources Research and Development (PCAARRD)
=300 300##$aix, 174 leaves$bwith colored photos

