=LDR  00000nam  2200000   4500
=001 PCRD-H000518
=003 000927
=020 971-20-0442-2
=040 PCAARRD-DOST
=050 ##$aFil(B) S495$bB66S$cno. 162/1997
=100 1102#$aPhilippine Council for Agriculture, Aquatic and Natural Resources Research and Development (PCAARRD)
=245 24500$aA sourcebook of gender cases in agriculture, forestry, and fisheries$cby the Philippine Council for Agriculture, Aquatic and Natural Resources Research and Development (PCAARRD)
=300 300##$axiii, 81 leaves$bwith colored photos

