=LDR  00000nam  2200000   4500
=001 PCRD-H000519
=003 000928
=020 971-20-0460-0
=040 PCAARRD-DOST
=050 ##$aFil(B) S495$bB66S$cno. 168/1999
=100 1102#$aPhilippine Council for Agriculture, Aquatic and Natural Resources Research and Development (PCAARRD)
=245 24500$aThe nature and control of locusts$cby the Philippine Council for Agriculture, Aquatic and Natural Resources Research and Development (PCAARRD)
=300 300##$aviii, 26 leaves$bwith colored photos

