=LDR  00000nam  2200000   4500
=001 PCRD-H000520
=003 000929
=020 971-20-0467-8
=040 PCAARRD-DOST
=050 ##$aFil(B) S495$bB66S$cno. 170/2000
=100 1102#$aPhilippine Council for Agriculture, Aquatic and Natural Resources Research and Development (PCAARRD)
=245 24500$aSustainable development through organic agriculture$cby the Philippine Council for Agriculture, Aquatic and Natural Resources Research and Development (PCAARRD)
=300 300##$avi, 110 leaves

