=LDR  00000nam  2200000   4500
=001 PCRD-H000521
=003 000930
=040 PCAARRD-DOST
=050 ##$aFil(B) S495$bB66S$cno. 70/1988
=100 1102#$aPhilippine Council for Agriculture, Aquatic and Natural Resources Research and Development (PCAARRD)
=245 24500$aStrengthening meteorological services for agriculture$cby the Philippine Council for Agriculture, Aquatic and Natural Resources Research and Development (PCAARRD)
=300 300##$a190 leaves$bwith non colored illustrations

