=LDR  00000nam  2200000   4500
=001 PCRD-H000522
=003 000894
=040 PCAARRD-DOST
=050 ##$aFil(B) S495$bB66S$cno. 58/1987
=100 1102#$aPhilippine Council for Agriculture, Aquatic and Natural Resources Research and Development (PCAARRD)
=245 24500$aResearch evaluation systems in agriculture and natural resources in the Philippines$cby the Philippine Council for Agriculture, Aquatic and Natural Resources Research and Development (PCAARRD)
=300 300##$a139 leaves

