=LDR  00000nam  2200000   4500
=001 PCRD-H000523
=003 000895
=040 PCAARRD-DOST
=050 ##$aFil(B) S495$bB66S$cno. 39/1985
=100 1102#$aPhilippine Council for Agriculture, Aquatic and Natural Resources Research and Development (PCAARRD)
=245 24500$aPeanut$bproceedings of the first national peanut consultation and peanut-CRSP review$cby the Philippine Council for Agriculture, Aquatic and Natural Resources Research and Development (PCAARRD)
=300 300##$av, 116 leaves

