=LDR  00000nam  2200000   4500
=001 PCRD-H000524
=003 000543
=040 PCAARRD-DOST
=050 ##$aFil(B) S495$bB66S$cno. 73/1988
=100 1102#$aPhilippine Council for Agriculture, Aquatic and Natural Resources Research and Development (PCAARRD)
=245 24500$aEstimating returns to research investment in mango in the Philippines$cby the Philippine Council for Agriculture, Aquatic and Natural Resources Research and Development (PCAARRD)
=300 300##$a114 leaves

