=LDR  00000nam  2200000   4500
=001 PCRD-H000525
=003 000907
=040 PCAARRD-DOST
=050 ##$aFil(B) S495$bB66S$cno. 47/1988
=100 1102#$aPhilippine Council for Agriculture, Aquatic and Natural Resources Research and Development (PCAARRD)
=245 24500$aWheat review and planning$bproceedings of the wheat review and planning workshop. 19-20. July 1986$cby the Philippine Council for Agriculture, Aquatic and Natural Resources Research and Development (PCAARRD)
=300 300##$a165 leaves

