=LDR  00000nam  2200000   4500
=001 PCRD-H000526
=003 000908
=040 PCAARRD-DOST
=050 ##$aFil(B) S495$bB66S$cno. 69/1988
=100 1102#$aPhilippine Council for Agriculture, Aquatic and Natural Resources Research and Development (PCAARRD)
=245 24500$aHome gardening program in the Philippines$cby the Philippine Council for Agriculture, Aquatic and Natural Resources Research and Development (PCAARRD)
=300 300##$aviii, 89 leaves

