=LDR  00000nam  2200000   4500
=001 PCRD-H000527
=003 000902
=040 PCAARRD-DOST
=050 ##$aFil(B) S495$bB66S$cno. 60/1988
=100 1102#$aPhilippine Council for Agriculture, Aquatic and Natural Resources Research and Development (PCAARRD)
=245 24500$aCurrent problems on fruits and vegetables$cby the Philippine Council for Agriculture, Aquatic and Natural Resources Research and Development (PCAARRD)
=300 300##$a377 leaves$bwith non colored photo

