=LDR  00000nam  2200000   4500
=001 PCRD-H000528
=003 000931
=040 PCAARRD-DOST
=050 ##$aFil(B) S495$bB66S$cno. 42/1986
=100 1102#$aPhilippine Council for Agriculture, Aquatic and Natural Resources Research and Development (PCAARRD)
=245 24500$aFood processing by rural families$cby the Philippine Council for Agriculture, Aquatic and Natural Resources Research and Development (PCAARRD)
=300 300##$avi, 242 leaves$bwith colored photos

