=LDR  00000nam  2200000   4500
=001 PCRD-H000529
=003 000932
=040 PCAARRD-DOST
=050 ##$aFil(B) S495$bB66S$cno. 35/1985
=100 1102#$aPhilippine Council for Agriculture, Aquatic and Natural Resources Research and Development (PCAARRD)
=245 24500$aResearch techniques in crops$cby the Philippine Council for Agriculture, Aquatic and Natural Resources Research and Development (PCAARRD)
=300 300##$axv, 512 leaves$bwith non colored photos and non colored illustrations

