=LDR  00000nam  2200000   4500
=001 PCRD-H000530
=003 000933
=040 PCAARRD-DOST
=050 ##$aFil(B) S495$bB66S$cno. 72/1989
=100 1102#$aPhilippine Council for Agriculture, Aquatic and Natural Resources Research and Development (PCAARRD)
=245 24500$aRETRES technical abstracting manual$cby the Philippine Council for Agriculture, Aquatic and Natural Resources Research and Development (PCAARRD)
=300 300##$avii, 24 leaves

