=LDR  00000nam  2200000   4500
=001 PCRD-H000531
=003 000901
=040 PCAARRD-DOST
=050 ##$aFil(B) S495$bB66S$cno. 59/1988
=100 1102#$aPhilippine Council for Agriculture, Aquatic and Natural Resources Research and Development (PCAARRD)
=245 24500$aCoconut r and d$cby the Philippine Council for Agriculture, Aquatic and Natural Resources Research and Development (PCAARRD)
=300 300##$aix, 421 leaves

