=LDR  00000nam  2200000   4500
=001 PCRD-H000532
=003 000900
=040 PCAARRD-DOST
=050 ##$aFil(B) S495$bB66S$cno. 16/1984
=100 1102#$aPhilippine Council for Agriculture, Aquatic and Natural Resources Research and Development (PCAARRD)
=245 24500$aAgriculture and resources research manpower development in South and Southeast Asia, vol. 2$cby the Philippine Council for Agriculture, Aquatic and Natural Resources Research and Development (PCAARRD)
=300 300##$a154 leaves

