=LDR  00000nam  2200000   4500
=001 PCRD-H000533
=003 000934
=020 971-8624-27-9
=040 PCAARRD-DOST
=050 ##$aFil(B) S495$bB66S$cno. 27/1999
=100 1102#$aPhilippine Council for Agriculture, Aquatic and Natural Resources Research and Development (PCAARRD)
=245 24500$aImpacts of El Niño on Philippine fisheries$bproceedings of the national workshop on the assessment of the impacts of El Niño on Philippines fisheries, August 20-21,1998$cby the Philippine Council for Agriculture, Aquatic and Natural Resources Resea
=300 300##$axx, 208 leaves$bwith colored illustrations

