=LDR  00000nam  2200000   4500
=001 PCRD-H000539
=003 000964
=040 PCAARRD-DOST
=050 ##$aFil(B) S495$bB66S$cno. 51/1988
=100 1102#$aPhilippine Council for Agriculture, Aquatic and Natural Resources Research and Development (PCAARRD)
=245 24500$aSoil taxonomy: key to effective land use$cby the Philippine Council for Agriculture, Aquatic and Natural Resources Research and Development (PCAARRD)
=300 300##$axvi, 551 leaves$bwith colored photos and non colored illustrations

