=LDR  00000nam  2200000   4500
=001 PCRD-H000540
=003 001576
=020 971-20-0370-1
=040 PCAARRD-DOST
=050 ##$aFil(B) S495$bB66S$cno. 152/1994
=100 1102#$aPhilippine Council for Agriculture, Aquatic and Natural Resources Research and Development (PCAARRD)
=245 24500$aEconomics of the nata de coco industry$cby the Philippine Council for Agriculture, Aquatic and Natural Resources Research and Development (PCAARRD)
=300 300##$avi, 75 leaves$bwith colored photos

