=LDR  00000nam  2200000   4500
=001 PCRD-H000541
=003 001577
=020 971-20-0223-3
=040 PCAARRD-DOST
=050 ##$aFil(B) S495$bB66S$cno. 125/1992
=100 1102#$aPhilippine Council for Agriculture, Aquatic and Natural Resources Research and Development (PCAARRD)
=245 24500$aProceedings of the research and development workshop for island ecology dynamics$bfocus on Batanes$cby the Philippine Council for Agriculture, Aquatic and Natural Resources Research and Development (PCAARRD)
=300 300##$a135 leaves

