=LDR  00000nam  2200000   4500
=001 PCRD-H000542
=003 001578
=020 971-20-0196-Z
=040 PCAARRD-DOST
=050 ##$aFil(B) S495$bB66S$cno. 117/1991
=100 1102#$aPhilippine Council for Agriculture, Aquatic and Natural Resources Research and Development (PCAARRD)
=245 24500$aSuccess stories of farmer managed coconut-based farming systems, volume III$cby the Philippine Council for Agriculture, Aquatic and Natural Resources Research and Development (PCAARRD)
=300 300##$axi, 45 leaves

