=LDR  00000nam  2200000   4500
=001 PCRD-H000543
=003 000965
=020 971-20-0209-8
=040 PCAARRD-DOST
=050 ##$aFil(B) S495$bB66S$cno. 121/1991
=100 1102#$aPhilippine Council for Agriculture, Aquatic and Natural Resources Research and Development (PCAARRD)
=245 24500$aImproved reforestation technologies in the Philippines$cby the Philippine Council for Agriculture, Aquatic and Natural Resources Research and Development (PCAARRD)
=300 300##$aviii, 163 leaves

