=LDR  00000nam  2200000   4500
=001 PCRD-H000545
=003 000954
=020 978-971-20-0547-3
=040 PCAARRD-DOST
=050 ##$aFil(B) S495$bB66S$cno. 180/2010
=100 1102#$aPhilippine Council for Agriculture, Aquatic and Natural Resources Research and Development (PCAARRD)
=245 24500$aPhilippine s & t agenda on climate change in the agriculture, forestry and natural resources sectors (2010-2016)$cby the Philippine Council for Agriculture, Aquatic and Natural Resources Research and Development (PCAARRD)
=300 300##$axx, 122 leaves

