=LDR  00000nam  2200000   4500
=001 PCRD-H000557
=003 000968
=020 971-20-0443-0
=040 PCAARRD-DOST
=050 ##$aFil(B) S495$bB66S$cno. 163/1997
=100 1102#$aPhilippine Council for Agriculture, Aquatic and Natural Resources Research and Development (PCAARRD)
=245 24500$aForest species for landscaping and urban planting$cby the Philippine Council for Agriculture, Aquatic and Natural Resources Research and Development (PCAARRD)
=300 300##$av, 52 leaves$bwith colored photos

