=LDR  00000nam  2200000   4500
=001 PCRD-H000558
=003 000896
=040 PCAARRD-DOST
=050 ##$aFil(B) S495$bB66S$cno. 46/1987
=100 1102#$aPhilippine Council for Agriculture, Aquatic and Natural Resources Research and Development (PCAARRD)
=245 24500$aState of development of the Laguna de Bay area$cby the Philippine Council for Agriculture, Aquatic and Natural Resources Research and Development (PCAARRD)
=300 300##$a116 leaves

