=LDR  00000nam  2200000   4500
=001 PCRD-H000559
=003 000897
=040 PCAARRD-DOST
=050 ##$aFil(B) S495$bB66S$cno. 50/1987
=100 1102#$aPhilippine Council for Agriculture, Aquatic and Natural Resources Research and Development (PCAARRD)
=245 24500$aManual on vegetational analysis for grassland and forest ecosystems$cby the Philippine Council for Agriculture, Aquatic and Natural Resources Research and Development (PCAARRD)
=300 300##$avii, 128 leaves$bwith non colored illustrations

