=LDR  00000nam  2200000   4500
=001 PCRD-H000560
=003 000969
=040 PCAARRD-DOST
=050 ##$aFil(B) S495$bB66S$cno. 52/1987
=100 1102#$aPhilippine Council for Agriculture, Aquatic and Natural Resources Research and Development (PCAARRD)
=245 24500$aStatus of mollusc resources and prospects for development$cby the Philippine Council for Agriculture, Aquatic and Natural Resources Research and Development (PCAARRD)
=300 300##$a136 leaves$bwith non colored photos and non colored illustrations

