=LDR  00000nam  2200000   4500
=001 PCRD-H000562
=003 000971
=040 PCAARRD-DOST
=050 ##$aFil(B) S495$bB66S$cno. 48/1987
=100 1102#$aPhilippine Council for Agriculture, Aquatic and Natural Resources Research and Development (PCAARRD)
=245 24500$aTilapia farming$cby the Philippine Council for Agriculture, Aquatic and Natural Resources Research and Development (PCAARRD)
=300 300##$a68 leaves$bwith non colored photo

