=LDR  00000nam  2200000   4500
=001 PCRD-H000563
=003 000925
=020 971-20-0451-1
=040 PCAARRD-DOST
=050 ##$aFil(B) S495$bB66S$cno. 165/1998
=100 1102#$aPhilippine Council for Agriculture, Aquatic and Natural Resources Research and Development (PCAARRD)
=245 24500$aPeople, earth and culture$breadings in indigenous knowledge systems on biodiversity management and utilization$cby the Philippine Council for Agriculture, Aquatic and Natural Resources Research and Development (PCAARRD)
=300 300##$ax, 303 leaves

