=LDR  00000nam  2200000   4500
=001 PCRD-H000564
=003 000898
=040 PCAARRD-DOST
=050 ##$aFil(B) S495$bB66S$cno. 67/1988
=100 1102#$aPhilippine Council for Agriculture, Aquatic and Natural Resources Research and Development (PCAARRD)
=245 24500$aProfile of selected non-timber forest products$cby the Philippine Council for Agriculture, Aquatic and Natural Resources Research and Development (PCAARRD)
=300 300##$a66 leaves$bwith colored photos

