=LDR  00000nam  2200000   4500
=001 PCRD-H000578
=003 000464
=040 PCAARRD-DOST
=050 ##$aFil(B) S495$bB66S$cno. 23/1984
=100 1102#$aPhilippine Council for Agriculture, Aquatic and Natural Resources Research and Development (PCAARRD)
=245 24500$aSylvan power$bproceedings of the seminar workshop on forestry and the energy crisis, 26-28 November 1980, Forest Research Institute Central Office, Los Baños, Laguna, Philippines$cby the Philippine Council for Agriculture, Aquatic and Natural Resou
=300 300##$a104 leaves

