=LDR  00000nam  2200000   4500
=001 PCRD-H000579
=003 000465
=040 PCAARRD-DOST
=050 ##$aFil(B) S495$bB66S$cno. 44/1987
=100 1102#$aPhilippine Council for Agriculture, Aquatic and Natural Resources Research and Development (PCAARRD)
=245 24500$aResearchers' guide to science writing$cby the Philippine Council for Agriculture, Aquatic and Natural Resources Research and Development (PCAARRD)
=300 300##$a81 leaves$bwith non colored photos

