=LDR  00000nam  2200000   4500
=001 PCRD-H000580
=003 000466
=020 971-20-0168-7
=040 PCAARRD-DOST
=050 ##$aFil(B) S495$bB66S$cno. 44a/1990
=100 1102#$aPhilippine Council for Agriculture, Aquatic and Natural Resources Research and Development (PCAARRD)
=245 24500$aResearchers' guide to science writing$cby the Philippine Council for Agriculture, Aquatic and Natural Resources Research and Development (PCAARRD)
=300 300##$av, 85 leaves$bwith non colored photos

