=LDR  00000nam  2200000   4500
=001 PCRD-H000581
=003 000467
=020 971-20-0202-0
=040 PCAARRD-DOST
=050 ##$aFil(B) S495$bB66S$cno. 109/1991
=100 1102#$aPhilippine Council for Agriculture, Aquatic and Natural Resources Research and Development (PCAARRD)
=245 24500$aDevelopment, utilization, and management of small water impoundments$cby the Philippine Council for Agriculture, Aquatic and Natural Resources Research and Development (PCAARRD)
=300 300##$av, 86 leaves

