=LDR  00000nam  2200000   4500
=001 PCRD-H000582
=003 000468
=020 971-20-0156-3
=040 PCAARRD-DOST
=050 ##$aFil(B) S495$bB66S$cno. 96/1990
=100 1102#$aPhilippine Council for Agriculture, Aquatic and Natural Resources Research and Development (PCAARRD)
=245 24500$aPCARRD corporate plan II (1990-2000)$bharnessing r and d for increased productivity and sustainability $cby the Philippine Council for Agriculture, Aquatic and Natural Resources Research and Development (PCAARRD)
=300 300##$a41 leaves

