=LDR  00000nam  2200000   4500
=001 PCRD-H000583
=003 000469
=020 978-971-20-0538-1
=040 PCAARRD-DOST
=050 ##$aFil(B) S495$bB66S$cno. 177/2008
=100 1102#$aPhilippine Council for Agriculture, Aquatic and Natural Resources Research and Development (PCAARRD)
=245 24500$aFinancial analysis of s & t based farms and investment packages$ba practitioner's guide book$cby the Philippine Council for Agriculture, Aquatic and Natural Resources Research and Development (PCAARRD)
=300 300##$aviii, 68 leaves

