=LDR  00000nam  2200000   4500
=001 PCRD-H000584
=003 000470
=020 978-971-20-0555-8
=040 PCAARRD-DOST
=050 ##$aFil(B) S495$bB66S$cno. 05/2013
=100 1102#$aPhilippine Council for Agriculture, Aquatic and Natural Resources Research and Development (PCAARRD)
=245 24500$aImpact assessment of research, development and extension projects in agriculture$ba simplified approach$cby the Philippine Council for Agriculture, Aquatic and Natural Resources Research and Development (PCAARRD)
=300 300##$axi, 155 leaves

