=LDR  00000nam  2200000   4500
=001 PCRD-H000585
=003 000471
=020 971-8624-13-9
=040 PCAARRD-DOST
=050 ##$aFil(B) S495$bB66S$cno. 15/1993
=100 1102#$aPhilippine Council for Agriculture, Aquatic and Natural Resources Research and Development (PCAARRD)
=245 24500$aIntegrated agriculture-aquaculture farming systems$bcompilation of fisheries forum and contributed papers$cby the Philippine Council for Agriculture, Aquatic and Natural Resources Research and Development (PCAARRD)
=300 300##$aiv, 47 leaves

