=LDR  00000nam  2200000   4500
=001 PCRD-H000586
=003 000472
=040 PCAARRD-DOST
=050 ##$aFil(B) S495$bB66S$cno. 34/1985
=100 1102#$aPhilippine Council for Agriculture, Aquatic and Natural Resources Research and Development (PCAARRD)
=245 24500$aSoil taxonomy$btool for agrotechnology transfer$cby the Philippine Council for Agriculture, Aquatic and Natural Resources Research and Development (PCAARRD)
=300 300##$axiii, 279 leaves$bwith non colored photos and non colored illustrations

