=LDR  00000nam  2200000   4500
=001 PCRD-H000587
=003 000473
=040 PCAARRD-DOST
=050 ##$aFil(B) S495$bB66S$cno. 45/1987
=100 1102#$aPhilippine Council for Agriculture, Aquatic and Natural Resources Research and Development (PCAARRD)
=245 24500$aEstablishment and linkages of pilot data bank and information system$cby the Philippine Council for Agriculture, Aquatic and Natural Resources Research and Development (PCAARRD)
=300 300##$avi, 168 leaves

