=LDR  00000nam  2200000   4500
=001 PCRD-H000588
=003 000474
=020 971-20-0338-8
=040 PCAARRD-DOST
=050 ##$aFil(B) S495$bB66S$cno. 143/1994
=100 1102#$aPhilippine Council for Agriculture, Aquatic and Natural Resources Research and Development (PCAARRD)
=245 24500$aAnswers to questions relating to AAMRO (Book I)$cby the Philippine Council for Agriculture, Aquatic and Natural Resources Research and Development (PCAARRD)
=300 300##$a50 leaves

