=LDR  00000nam  2200000   4500
=001 PCRD-H000589
=003 000475
=040 PCAARRD-DOST
=050 ##$aFil(B) S495$bB66S$cno. 98/1990
=100 1102#$aPhilippine Council for Agriculture, Aquatic and Natural Resources Research and Development (PCAARRD)
=245 24500$aProceedings of the national science and technology week celebration; 12 July 1989$cby the Philippine Council for Agriculture, Aquatic and Natural Resources Research and Development (PCAARRD)
=300 300##$a40 leaves

