=LDR  00000nam  2200000   4500
=001 PCRD-H000590
=003 000476
=040 PCAARRD-DOST
=050 ##$aFil(B) S495$bB66S$cno. 33/1985
=100 1102#$aPhilippine Council for Agriculture, Aquatic and Natural Resources Research and Development (PCAARRD)
=245 24500$aTowards a more self-reliant agriculture and resources sector$cby the Philippine Council for Agriculture, Aquatic and Natural Resources Research and Development (PCAARRD)
=300 300##$a44 leaves

