=LDR  00000nam  2200000   4500
=001 PCRD-H000591
=003 000477
=040 PCAARRD-DOST
=050 ##$aFil(B) S495$bB66S$cno. 28/1985
=100 1102#$aPhilippine Council for Agriculture, Aquatic and Natural Resources Research and Development (PCAARRD)
=245 24500$aFarming systems in the highlands$cby the Philippine Council for Agriculture, Aquatic and Natural Resources Research and Development (PCAARRD)
=300 300##$a64 leaves$bwith non colored illustrations

