=LDR  00000nam  2200000   4500
=001 PCRD-H000593
=003 000479
=040 PCAARRD-DOST
=050 ##$aFil(B) S495$bB66S$cno. 108/1991
=100 1102#$aPhilippine Council for Agriculture, Aquatic and Natural Resources Research and Development (PCAARRD)
=245 24500$aProceedings : national science and technology week; 10-11 July 1990 PCARRD, Los Baños, Laguna$cby the Philippine Council for Agriculture, Aquatic and Natural Resources Research and Development (PCAARRD)
=300 300##$a30 leaves

