=LDR  00000nam  2200000   4500
=001 PCRD-H000594
=003 000480
=040 PCAARRD-DOST
=050 ##$aFil(B) S495$bB66S$cno. 106/1991
=100 1102#$aPhilippine Council for Agriculture, Aquatic and Natural Resources Research and Development (PCAARRD)
=245 24500$aAgricultural engineering technologies for rice production$cby the Philippine Council for Agriculture, Aquatic and Natural Resources Research and Development (PCAARRD)
=300 300##$avi, 96 leaves$bwith non colored illustrations

