=LDR  00000nam  2200000   4500
=001 PCRD-H000595
=003 000481
=040 PCAARRD-DOST
=050 ##$aFil(B) S495$bB66S$cno. 75/1988
=100 1102#$aPhilippine Council for Agriculture, Aquatic and Natural Resources Research and Development (PCAARRD)
=245 24500$aUtilization and management of water resources for agriculture$cby the Philippine Council for Agriculture, Aquatic and Natural Resources Research and Development (PCAARRD)
=300 300##$aiv, 123 leaves$bwith non colored illustrations

