=LDR  00000nam  2200000   4500
=001 PCRD-H000596
=003 000482
=040 PCAARRD-DOST
=050 ##$aFil(B) S495$bB66S$cno. 83/1989
=100 1102#$aPhilippine Council for Agriculture, Aquatic and Natural Resources Research and Development (PCAARRD)
=245 24500$aProceedings of the 9th RACO year end review and planning workshop$cby the Philippine Council for Agriculture, Aquatic and Natural Resources Research and Development (PCAARRD)
=300 300##$a80 leaves

