=LDR  00000nam  2200000   4500
=001 PCRD-H000597
=003 000484
=040 PCAARRD-DOST
=050 ##$aFil(B) S495$bB66S$cno. 53/1988
=100 1102#$aPhilippine Council for Agriculture, Aquatic and Natural Resources Research and Development (PCAARRD)
=245 24500$aProceedings of the 8th RACO year end review and planning workshop$cby the Philippine Council for Agriculture, Aquatic and Natural Resources Research and Development (PCAARRD)
=300 300##$avi, 64 leaves

