=LDR  00000nam  2200000   4500
=001 PCRD-H000598
=003 000485
=040 PCAARRD-DOST
=050 ##$aFil(B) S495$bB66S$cno. 105/1990
=100 1102#$aPhilippine Council for Agriculture, Aquatic and Natural Resources Research and Development (PCAARRD)
=245 24500$aProceedings : 17th PCAARRD pre-anniversary and anniversary symposia$cby the Philippine Council for Agriculture, Aquatic and Natural Resources Research and Development (PCAARRD)
=300 300##$a46 leaves

