=LDR  00000nam  2200000   4500
=001 PCRD-H000599
=003 000486
=040 PCAARRD-DOST
=050 ##$aFil(B) S495$bB66S$cno. 81/1989
=100 1102#$aPhilippine Council for Agriculture, Aquatic and Natural Resources Research and Development (PCAARRD)
=245 24500$aNational science and technology week 1988$cby the Philippine Council for Agriculture, Aquatic and Natural Resources Research and Development (PCAARRD)
=300 300##$a104 leaves

