=LDR  00000nam  2200000   4500
=001 PCRD-H000600
=003 000487
=040 PCAARRD-DOST
=050 ##$aFil(B) S495$b\B66S$cno. 55/1987
=100 1102#$aPhilippine Council for Agriculture, Aquatic and Natural Resources Research and Development (PCAARRD)
=245 24500$aEstimating returns to research investment in sugarcane in the Philippines$cby the Philippine Council for Agriculture, Aquatic and Natural Resources Research and Development (PCAARRD)
=300 300##$aii, 128 leaves

