=LDR  00000nam  2200000   4500
=001 PCRD-H000601
=003 000488
=040 PCAARRD-DOST
=050 ##$aFil(B) S495$bB66S$cno. 62/1988
=100 1102#$aPhilippine Council for Agriculture, Aquatic and Natural Resources Research and Development (PCAARRD)
=245 24500$aForestry forum on wildlife stockfarming$cby the Philippine Council for Agriculture, Aquatic and Natural Resources Research and Development (PCAARRD)
=300 300##$avii, 36 leaves

