=LDR  00000nam  2200000   4500
=001 PCRD-H000602
=003 000489
=040 PCAARRD-DOST
=050 ##$aFil(B) S495$bB66S$cno. 97/1990
=100 1102#$aPhilippine Council for Agriculture, Aquatic and Natural Resources Research and Development (PCAARRD)
=245 24500$aProceedings : small ruminant r & d program; March 29-30, 1990$cby the Philippine Council for Agriculture, Aquatic and Natural Resources Research and Development (PCAARRD)
=300 300##$a47 leaves

