=LDR  00000nam  2200000   4500
=001 PCRD-H000603
=003 000490
=040 PCAARRD-DOST
=050 ##$aFil(B) S495$bB66S$cno. 63/1988
=100 1102#$aPhilippine Council for Agriculture, Aquatic and Natural Resources Research and Development (PCAARRD)
=245 24500$aProceedings : national seminar-workshop on sheep production system$cby the Philippine Council for Agriculture, Aquatic and Natural Resources Research and Development (PCAARRD)
=300 300##$a195 leaves

