=LDR  00000nam  2200000   4500
=001 PCRD-H000604
=003 000491
=040 PCAARRD-DOST
=050 ##$aFil(B) S495$bB66S$cno. 13/1984
=100 1102#$aPhilippine Council for Agriculture, Aquatic and Natural Resources Research and Development (PCAARRD)
=245 24500$aFeed composition tables for the Philippines$cby the Philippine Council for Agriculture, Aquatic and Natural Resources Research and Development (PCAARRD)
=300 300##$aix, 264 leaves

