=LDR  00000nam  2200000   4500
=001 PCRD-H000605
=003 000492
=040 PCAARRD-DOST
=050 ##$aFil(B) S495$bB66S$cno. 61/1988
=100 1102#$aPhilippine Council for Agriculture, Aquatic and Natural Resources Research and Development (PCAARRD)
=245 24500$aFiber engineering technology for improved fiber quality$cby the Philippine Council for Agriculture, Aquatic and Natural Resources Research and Development (PCAARRD)
=300 300##$av, 1988$bwith non colored illustrations

