=LDR  00000nam  2200000   4500
=001 PCRD-H000606
=003 000493
=040 PCAARRD-DOST
=050 ##$aFil(B) S495$bB66S$cno. 68/1988
=100 1102#$aPhilippine Council for Agriculture, Aquatic and Natural Resources Research and Development (PCAARRD)
=245 24500$aImproving productivity of the flood-prone areas in the Philippines$cby the Philippine Council for Agriculture, Aquatic and Natural Resources Research and Development (PCAARRD)
=300 300##$av, 62 leaves$bwith non colored illustrations

