=LDR  00000nam  2200000   4500
=001 PCRD-H000607
=003 000494
=040 PCAARRD-DOST
=050 ##$aFil(B) S495$bB66S$cno. 33/1984
=100 1102#$aPhilippine Council for Agriculture, Aquatic and Natural Resources Research and Development (PCAARRD)
=245 24500$aTransferring agricultural engineering technology$cby the Philippine Council for Agriculture, Aquatic and Natural Resources Research and Development (PCAARRD)
=300 300##$aiii, 43 leaves$bwith non colored photos and non colored illustrations

