=LDR  00000nam  2200000   4500
=001 PCRD-H000608
=003 000495
=040 PCAARRD-DOST
=050 ##$aFil(B) S495$bB66S$cno. 104/1990
=100 1102#$aPhilippine Council for Agriculture, Aquatic and Natural Resources Research and Development (PCAARRD)
=245 24500$aProceedings of the 3rd NIACP / 10th RACO annual review and planning workshop$cby the Philippine Council for Agriculture, Aquatic and Natural Resources Research and Development (PCAARRD)
=300 300##$a83 leaves

