=LDR  00000nam  2200000   4500
=001 PCRD-H000609
=003 000496
=040 PCAARRD-DOST
=050 ##$aFil(B) S495$bB66S$cno. 166/1999
=100 1102#$aPhilippine Council for Agriculture, Aquatic and Natural Resources Research and Development (PCAARRD)
=245 24500$aGuidelines for watershed management and development in the Philippines$cby the Philippine Council for Agriculture, Aquatic and Natural Resources Research and Development (PCAARRD)
=300 300##$axx, 242 leaves$bwith colored photos

