=LDR  00000nam  2200000   4500
=001 PCRD-H000629
=003 000497
=040 PCAARRD-DOST
=050 ##$aFil(B) S495$bB66S$cno. 38/1986
=100 1102#$aPhilippine Council for Agriculture, Aquatic and Natural Resources Research and Development (PCAARRD)
=245 24500$aWheat review and planning$bproceedings of the wheat review and planning workshop; July 29-30, 19851 PCARRD, Los Baños, Laguna$cby the Philippine Council for Agriculture, Aquatic and Natural Resources Research and Development (PCAARRD)
=300 300##$a161 leaves

