=LDR  00000nam  2200000   4500
=001 PCRD-H000630
=003 000498
=020 978-971-20-0548-0
=040 PCAARRD-DOST
=050 ##$aFil(B) S495$bB66S$cno. 182/2011
=100 1102#$aPhilippine Council for Agriculture, Aquatic and Natural Resources Research and Development (PCAARRD)
=245 24500$aThe farm-level impact of the techno gabay program$bassessment, evidences, and implications$cby the Philippine Council for Agriculture, Aquatic and Natural Resources Research and Development (PCAARRD)
=300 300##$axiii, 201 leaves

