=LDR  00000nam  2200000   4500
=001 PCRD-H000632
=003 000499
=020 978-971-20-0551-0
=040 PCAARRD-DOST
=050 ##$aFil(B) S495$bB66S$cno. 01/2012
=100 1102#$aPhilippine Council for Agriculture, Aquatic and Natural Resources Research and Development (PCAARRD)
=245 24500$aJatropha production and processing manual$cby the Philippine Council for Agriculture, Aquatic and Natural Resources Research and Development (PCAARRD)
=300 300##$axxix, 146 leaves$bwith colored photos and non colored illustrations

