=LDR  00000nam  2200000   4500
=001 PCRD-H000634
=003 000501
=020 979-971-20-0556-5
=040 PCAARRD-DOST
=050 ##$aFil(B) S495$bB66S$cno. 03/2013
=100 1102#$aPhilippine Council for Agriculture, Aquatic and Natural Resources Research and Development (PCAARRD)
=245 24500$aMacropropagation techniques for priority tree species$cby the Philippine Council for Agriculture, Aquatic and Natural Resources Research and Development (PCAARRD)
=300 300##$aix, 47 leaves$bwith colored photos

