=LDR  00000nam  2200000   4500
=001 PCRD-H000636
=003 000500
=020 978-971-20-0545-9
=040  PCAARRD-DOST
=050 ##$aFil(B) S495$bB66S$cno. 178/2009
=100 1102#$aPhilippine Council for Agriculture, Aquatic and Natural Resources Research and Development (PCAARRD)
=245 24500$aProtected cultivation of high-value vegetable crops in the Philippines$cby the Philippine Council for Agriculture, Aquatic and Natural Resources Research and Development (PCAARRD)
=300 300##$axii, 70 leaves$bwith colored photos

