=LDR  00000nam  2200000   4500
=001 PCRD-H000638
=003 000502
=020 978-971-20-0543-5
=040 PCAARRD-DOST
=050 ##$aFil(B) S495$bB66S$cno. 179/2009
=100 1102#$aPhilippine Council for Agriculture, Aquatic and Natural Resources Research and Development (PCAARRD)
=245 24500$aAgricultural mechanization in the Philippines$cby the Philippine Council for Agriculture, Aquatic and Natural Resources Research and Development (PCAARRD)
=300 300##$axiv, 104 leaves$bwith colored photos

