=LDR  00000nam  2200000   4500
=001 PCRD-H000642
=003 000504
=020 971-20-0524-0
=040 PCAARRD-DOST
=050 ##$aFil(B) S495$bB66S$cno. 175/2004
=100 1102#$aPhilippine Council for Agriculture, Aquatic and Natural Resources Research and Development (PCAARRD)
=245 24500$aBanana production manual$cby the Philippine Council for Agriculture, Aquatic and Natural Resources Research and Development (PCAARRD)
=300 300##$ax, 129 leaves$bwith colored photos

