=LDR  00000nam  2200000   4500
=001 PCRD-H000643
=003 000505
=020 971-20-0055-9
=040  PCAARRD-DOST
=050 ##$aFil(B) S495$bB66S$cno. 86/1990
=100 1102#$aPhilippine Council for Agriculture, Aquatic and Natural Resources Research and Development (PCAARRD)
=245 24500$aApplication of agrometeorological information for optimizing agricultural production$cby the Philippine Council for Agriculture, Aquatic and Natural Resources Research and Development (PCAARRD)
=300 300##$axii, 176 leaves$bwith non colored illustrations

