=LDR  00000nam  2200000   4500
=001 PCRD-H000644
=003 000506
=020 978-971-20-0546-6
=040 PCAARRD-DOST
=050 ##$aFil(B) S495$bB66S$cno. 183/2011
=100 1102#$aPhilippine Council for Agriculture, Aquatic and Natural Resources Research and Development (PCAARRD)
=245 24500$aExploring the opportunities towards competitiveness$bsupply chain improvement in selected commodities in AFNR (phase I)$cby the Philippine Council for Agriculture, Aquatic and Natural Resources Research and Development (PCAARRD)
=300 300##$axxi, 268 leaves$bwith non colored illustrations

