=LDR  00000nam  2200000   4500
=001 PCRD-H000646
=003 000507
=020 978-971-20-0557-2
=040 PCAARRD-DOST
=050 ##$aFil(B) S495$bB66S$cno. 04/2013
=100 1102#$aPhilippine Council for Agriculture, Aquatic and Natural Resources Research and Development (PCAARRD)
=245 24500$aCompendium of commercially-viable coconut technologies$cby the Philippine Council for Agriculture, Aquatic and Natural Resources Research and Development (PCAARRD)
=300 300##$axxiii, 183 leaves$bwith colored photos

