=LDR  00000nam  2200000   4500
=001 PCRD-H000648
=003 000508
=020 978-971-20-0546-6
=040 PCAARRD-DOST
=050 ##$aFil(B) S495$bB66S$cno. 181/2010
=100 1102#$aPhilippine Council for Agriculture, Aquatic and Natural Resources Research and Development (PCAARRD)
=245 24500$aPlanning and developing community-based ecotourism projects in the Philippines$cby the Philippine Council for Agriculture, Aquatic and Natural Resources Research and Development (PCAARRD)
=300 300##$axiii, 111 leaves$bwith colored photos

