=LDR  00000nam  2200000   4500
=001 PCRD-H000652
=003 000510
=020 971-20-0535-0
=040 PCAARRD-DOST
=050 ##$aFil(B) S495$bB66S$cno. 176/2007
=100 1102#$aPhilippine Council for Agriculture, Aquatic and Natural Resources Research and Development (PCAARRD)
=245 24500$aUrban vegetable production in the Philippines$cby the Philippine Council for Agriculture, Aquatic and Natural Resources Research and Development (PCAARRD)
=300 300##$axi, 96 leaves$bwith colored photos

