=LDR  00000nam  2200000   4500
=001 PCRD-H000656
=003 000512
=020 971-20-0436-8
=040 PCAARRD-DOST
=050 ##$aFil(B) S495$bB66S$cno. 159/1996
=100 1102#$aPhilippine Council for Agriculture, Aquatic and Natural Resources Research and Development (PCAARRD)
=245 24500$aManaging regional r and d consortium$ba manual of operations$cby the Philippine Council for Agriculture, Aquatic and Natural Resources Research and Development (PCAARRD)
=300 300##$aix, 152 leaves

