=LDR  00000nam  2200000   4500
=001 PCRD-H000657
=003 000513
=040 PCAARRD-DOST
=050 ##$aFil(B) S495$bB66S$cno. 9/1982
=100 1102#$aPhilippine Council for Agriculture, Aquatic and Natural Resources Research and Development (PCAARRD)
=245 24500$aConsultative workshop land use and land use systems planning$cby the Philippine Council for Agriculture, Aquatic and Natural Resources Research and Development (PCAARRD)
=300 300##$a77 leaves

