=LDR  00000nam  2200000   4500
=001 PCRD-H000658
=003 000514
=040  PCAARRD-DOST
=050 ##$aFil(B) S495$bB66S$cno. 12/1983
=100 1102#$aPhilippine Council for Agriculture, Aquatic and Natural Resources Research and Development (PCAARRD)
=245 24500$aAgricultural engineering research planing workshop$cby the Philippine Council for Agriculture, Aquatic and Natural Resources Research and Development (PCAARRD)
=300 300##$a45 leaves

