=LDR  00000nam  2200000   4500
=001 PCRD-H000659
=003 000515
=040 PCAARRD-DOST
=050 ##$aFil(B) S495$bB66S$cno. 11/1983
=100 1102#$aPhilippine Council for Agriculture, Aquatic and Natural Resources Research and Development (PCAARRD)
=245 24500$a2nd national symposium on fruits$cby the Philippine Council for Agriculture, Aquatic and Natural Resources Research and Development (PCAARRD)
=300 300##$a157 leaves

