=LDR  00000nam  2200000   4500
=001 PCRD-H000660
=003 000516
=040 PCAARRD-DOST
=050 ##$aFil(B) S495$bB66S$cno. 17/1983
=100 1102#$aPhilippine Council for Agriculture, Aquatic and Natural Resources Research and Development (PCAARRD)
=245 24500$aProceedings : symposium on abaca research and development; June 16-18, 1982, Legaspi City$cby the Philippine Council for Agriculture, Aquatic and Natural Resources Research and Development (PCAARRD)
=300 300##$a79 leaves

