=LDR  00000nam  2200000   4500
=001 PCRD-H000661
=003 000517
=040 PCAARRD-DOST
=050 ##$aFil(B) S495$bB66S$cno. 65/1988
=100 1102#$aPhilippine Council for Agriculture, Aquatic and Natural Resources Research and Development (PCAARRD)
=245 24500$aNational science and technology week '87$cby the Philippine Council for Agriculture, Aquatic and Natural Resources Research and Development (PCAARRD)
=300 300##$a77 leaves

