=LDR  00000nam  2200000   4500
=001 PCRD-H000662
=003 000518
=040 PCAARRD-DOST
=050 ##$aFil(B) S495$bB66S$cno. 18/1984
=100 1102#$aPhilippine Council for Agriculture, Aquatic and Natural Resources Research and Development (PCAARRD)
=245 24500$aLesser used fiber crops$cby the Philippine Council for Agriculture, Aquatic and Natural Resources Research and Development (PCAARRD)
=300 300##$avi, 70 leaves

