=LDR  00000nam  2200000   4500
=001 PCRD-H000664
=003 000520
=040 PCAARRD-DOST
=050 ##$aFil(B) S495$bB66S$cno. 37/1986
=100 1102#$aPhilippine Council for Agriculture, Aquatic and Natural Resources Research and Development (PCAARRD)
=245 24500$aEnvironmental adaptation of crops$cby the Philippine Council for Agriculture, Aquatic and Natural Resources Research and Development (PCAARRD)
=300 300##$a289 leaves$bwith non colored photo

