=LDR  00000nam  2200000   4500
=001 PCRD-H000665
=003 000521
=040 PCAARRD-DOST
=050 ##$aFil(B) S495$bB66S$cno. 25/1986
=100 1102#$aPhilippine Council for Agriculture, Aquatic and Natural Resources Research and Development (PCAARRD)
=245 24500$aSorghum research and development in the Philippines$cby the Philippine Council for Agriculture, Aquatic and Natural Resources Research and Development (PCAARRD)
=300 300##$axii, 171 leaves

