=LDR  00000nam  2200000   4500
=001 PCRD-H000666
=003 000522
=020 971-20-0118-0
=040 PCAARRD-DOST
=050 ##$aFil(B) S495$bB66S$cno. 113/1991
=100 1102#$aPhilippine Council for Agriculture, Aquatic and Natural Resources Research and Development (PCAARRD)
=245 24500$aEconomic and social science research methodologies in agriculture$cby the Philippine Council for Agriculture, Aquatic and Natural Resources Research and Development (PCAARRD)
=300 300##$avi, 277 leaves

