=LDR  00000nam  2200000   4500
=001 PCRD-H000667
=003 000523
=040 PCAARRD-DOST
=050 ##$aFil(B) S495$bB66S$cno. 36/1985
=100 1102#$aPhilippine Council for Agriculture, Aquatic and Natural Resources Research and Development (PCAARRD)
=245 24500$aSmall water-impoundments$cby the Philippine Council for Agriculture, Aquatic and Natural Resources Research and Development (PCAARRD)
=300 300##$aix, 139 leaves$bwith non colored illustrations

