=LDR  00000nam  2200000   4500
=001 PCRD-H000668
=003 000524
=020 971-20-0115-6
=040  PCAARRD-DOST
=050 ##$aFil(B) S495$bB66S$cno. 84/1989
=100 1102#$aPhilippine Council for Agriculture, Aquatic and Natural Resources Research and Development (PCAARRD)
=245 24500$aManual of instructions meteorological and phenological observations in agriculture and forestry$cby the Philippine Council for Agriculture, Aquatic and Natural Resources Research and Development (PCAARRD)
=300 300##$a139 leaves$bwith non colored illustrations

