=LDR  00000nam  2200000   4500
=001 PCRD-H000669
=003 000525
=040 PCAARRD-DOST
=050 ##$aFil(B) S495$bB66S$cno. 14/1984
=100 1102#$aPhilippine Council for Agriculture, Aquatic and Natural Resources Research and Development (PCAARRD)
=245 24500$aLeucaena research in review$cby the Philippine Council for Agriculture, Aquatic and Natural Resources Research and Development (PCAARRD)
=300 300##$a141 leaves

