=LDR  00000nam  2200000   4500
=001 PCRD-H000670
=003 000526
=040 PCAARRD-DOST
=050 ##$aFil(B) S495$bB66S$cno. 40/1986
=100 1102#$aPhilippine Council for Agriculture, Aquatic and Natural Resources Research and Development (PCAARRD)
=245 24500$aCoconut husk utilization$cby the Philippine Council for Agriculture, Aquatic and Natural Resources Research and Development (PCAARRD)
=300 300##$aiv, 86 leaves

