=LDR  00000nam  2200000   4500
=001 PCRD-H000671
=003 000527
=040 PCAARRD-DOST
=050 ##$aFil(B) S495$bB66S$cno. 26/1985
=100 1102#$aPhilippine Council for Agriculture, Aquatic and Natural Resources Research and Development (PCAARRD)
=245 24500$aProceedings of the 4th ASEAN orchid congress$cby the Philippine Council for Agriculture, Aquatic and Natural Resources Research and Development (PCAARRD)
=300 300##$a226 leavs$bwith colored photos and non colored illustrations

