=LDR  00000nam  2200000   4500
=001 PCRD-H000672
=003 000528
=040  PCAARRD-DOST
=050 ##$aFil(B) S495$bB66S$cno. 30/1985
=100 1102#$aPhilippine Council for Agriculture, Aquatic and Natural Resources Research and Development (PCAARRD)
=245 24500$aSelf reliance in soil conservation and management (indigenous sources of fertilizer materials for national needs)$cby the Philippine Council for Agriculture, Aquatic and Natural Resources Research and Development (PCAARRD)
=300 300##$a118 leaves$bwith non colored illustrations

