=LDR  00000nam  2200000   4500
=001 PCRD-H000673
=003 000529
=040 PCAARRD-DOST
=050 ##$aFil(B) S495$bB66S$cno. 90/1990
=100 1102#$aPhilippine Council for Agriculture, Aquatic and Natural Resources Research and Development (PCAARRD)
=245 24500$aStrategies for effective forestry technology transfer in the Philippines$cby the Philippine Council for Agriculture, Aquatic and Natural Resources Research and Development (PCAARRD)
=300 300##$aiv, 40 leaves

