=LDR  00000nam  2200000   4500
=001 PCRD-H000674
=003 000530
=040 PCAARRD-DOST
=050 ##$aFil(B) S495$bB66S$cno. 79/1989
=100 1102#$aPhilippine Council for Agriculture, Aquatic and Natural Resources Research and Development (PCAARRD)
=245 24500$aProceedings of the forestry training-workshop on leucaena psyllid infestation management$cby the Philippine Council for Agriculture, Aquatic and Natural Resources Research and Development (PCAARRD)
=300 300##$avi, 63 leaves

