=LDR  00000nam  2200000   4500
=001 PCRD-H000675
=003 000531
=040 PCAARRD-DOST
=050 ##$aFil(B) S495$bB66S$cno. 78/1989
=100 1102#$aPhilippine Council for Agriculture, Aquatic and Natural Resources Research and Development (PCAARRD)
=245 24500$aProceedings of the forestry forum on the ipil-ipil psyllid infestation$cby the Philippine Council for Agriculture, Aquatic and Natural Resources Research and Development (PCAARRD)
=300 300##$av, 16 leaves

