=LDR  00000nam  2200000   4500
=001 PCRD-H000676
=003 000532
=040 PCAARRD-DOST
=050 ##$aFil(B) S495$bB66S$cno. 66/1988
=100 1102#$aPhilippine Council for Agriculture, Aquatic and Natural Resources Research and Development (PCAARRD)
=245 24500$aOther potential non-timber forest products$cby the Philippine Council for Agriculture, Aquatic and Natural Resources Research and Development (PCAARRD)
=300 300##$av, 100 leaves

