=LDR  00000nam  2200000   4500
=001 PCRD-H000677
=003 000533
=040 PCAARRD-DOST
=050 ##$aFil(B) S495$bB66S$cno. 76/1989
=100 1102#$aPhilippine Council for Agriculture, Aquatic and Natural Resources Research and Development (PCAARRD)
=245 24500$aDissemination and adoption of mature forest-based technologies$cby the Philippine Council for Agriculture, Aquatic and Natural Resources Research and Development (PCAARRD)
=300 300##$avii, 76 leaves

