=LDR  00000nam  2200000   4500
=001 PCRD-H000678
=003 000534
=040 PCAARRD-DOST
=050 ##$aFil(B) S495$bB66S$cno. 54/1987
=100 1102#$aPhilippine Council for Agriculture, Aquatic and Natural Resources Research and Development 
=245 24500$aEstimating returns to research investment in corn in the Philippines$cby the Philippine Council for Agriculture, Aquatic and Natural Resources Research and Development 
=300 300##$a58 leaves

