=LDR  00000nam  2200000   4500
=001 PCRD-H000679
=003 000535
=020 971-20-0313-2
=040 PCAARRD-DOST
=050 ##$aFil(B) S495$bB66S$cno. 130/1992
=100 1102#$aPhilippine Council for Agriculture, Aquatic and Natural Resources Research and Development 
=245 24500$aProceedings : 12th RACO annual review and planning workshop$cby the Philippine Council for Agriculture, Aquatic and Natural Resources Research and Development 
=300 300##$a105 leaves

