=LDR  00000nam  2200000   4500
=001 PCRD-H000680
=003 000536
=040 PCAARRD-DOST
=050 ##$aFil(B) S495$bB66S$cno. 64/1988
=100 1102#$aPhilippine Council for Agriculture, Aquatic and Natural Resources Research and Development 
=245 24500$a14th PCARRD pre-anniversary symposium$cby the Philippine Council for Agriculture, Aquatic and Natural Resources Research and Development 
=300 300##$a97 leaves

