=LDR  00000nam  2200000   4500
=001 PCRD-H000681
=003 000537
=040 PCAARRD-DOST
=050 ##$aFil(B) S495$bB66S$cno. 06/1982
=100 1102#$aPhilippine Council for Agriculture, Aquatic and Natural Resources Research and Development 
=245 24500$aThe PCARR Podium$cby the Philippine Council for Agriculture, Aquatic and Natural Resources Research and Development 
=300 300##$a437 leaves

