=LDR  00000nam  2200000   4500
=001 PCRD-H000682
=003 000538
=040 PCAARRD-DOST
=050 ##$aFil(B) S495$bB66S$cno. 08/1982
=100 1102#$aPhilippine Council for Agriculture, Aquatic and Natural Resources Research and Development (PCAARRD)
=245 24500$a5th international symposium on tropical root and tuber crops$cby the Philippine Council for Agriculture, Aquatic and Natural Resources Research and Development (PCAARRD)
=300 300##$a716 leaves

