=LDR  00000nam  2200000   4500
=001 PCRD-H000705
=003 000539
=040 PCAARRD-DOST
=050 ##$aFil(B) S495$bB66S$cno. 74/1988
=100 1102#$aPhilippine Council for Agriculture, Aquatic and Natural Resources Research and Development (PCAARRD)
=245 24500$a15th PCARRD pre-anniversary symposium$cby the Philippine Council for Agriculture, Aquatic and Natural Resources Research and Development (PCAARRD)
=300 300##$a54 leaves

