=LDR  00000nam  2200000   4500
=001 PCRD-H000706
=003 000541
=040 PCAARRD-DOST
=050 ##$aFil(B) S495$bB66S$cno. 107/1991
=100 1102#$aPhilippine Council for Agriculture, Aquatic and Natural Resources Research and Development (PCAARRD)
=245 24500$aNIC status by year 2000 through science and technology$cby the Philippine Council for Agriculture, Aquatic and Natural Resources Research and Development (PCAARRD)
=300 300##$aiv, 52 leaves

