=LDR  00000nam  2200000   4500
=001 PCRD-H000707
=003 000540
=040 PCAARRD-DOST
=050 ##$aFil(B) S495$bB66S$cno. 21/1983
=100 1102#$aPhilippine Council for Agriculture, Aquatic and Natural Resources Research and Development (PCAARRD)
=245 24500$aProceedings : parks and wildlife research and development in the Philippines$bcurrent status and a mandate for tomorrow$cby the Philippine Council for Agriculture, Aquatic and Natural Resources Research and Development (PCAARRD)
=300 300##$a120 leaves

