=LDR  00000nam  2200000   4500
=001 PCRD-H000708
=003 000542
=040 PCAARRD-DOST
=050 ##$aFil(B) S495$bB66S$cno. 02/1980
=100 1102#$aPhilippine Council for Agriculture, Aquatic and Natural Resources Research and Development (PCAARRD)
=245 24500$aStandard methods of analysis for soil. Plant tissue, water and fertilizer$cby the Philippine Council for Agriculture, Aquatic and Natural Resources Research and Development (PCAARRD)
=300 300##$avii, 194 leaves$bwith non colored illustrations

