=LDR  00000nam  2200000   4500
=001 PCRD-H000711
=003 000544
=020 971-20-0344-2
=040 PCAARRD-DOST
=050 ##$aFil(B) S495$bB66S$cno. 147-A/2000
=100 1102#$aPhilippine Council for Agriculture, Aquatic and Natural Resources Research and Development (PCAARRD)
=245 24500$aStyle guide for research writers and editors$cby the Philippine Council for Agriculture, Aquatic and Natural Resources Research and Development (PCAARRD)
=300 300##$aix, 150 leaves

