=LDR  00000nam  2200000   4500
=001 PCRD-H000731
=003 000545
=040 PCAARRD-DOST
=050 ##$aFil(B) S495$bB66S$cno. 41/1986
=100 1102#$aPhilippine Council for Agriculture, Aquatic and Natural Resources Research and Development (PCAARRD)
=245 24500$aBanana and plantain research and development$cby the Philippine Council for Agriculture, Aquatic and Natural Resources Research and Development (PCAARRD)
=300 300##$a181 leaves

