=LDR  00000nam  2200000   4500
=001 PCRD-H000732
=003 000546
=040 PCAARRD-DOST
=050 ##$aFil(B) S495$bB66S$cno. 6/1983
=100 1102#$aPhilippine Council for Agriculture, Aquatic and Natural Resources Research and Development (PCAARRD)
=245 24500$aAgriculture and resources research manpower development in South and Southeast Asia, Vol. 1$cby the Philippine Council for Agriculture, Aquatic and Natural Resources Research and Development (PCAARRD)
=300 300##$a235 leaves

