=LDR  00000nam  2200000   4500
=001 PCRD-H000733
=003 000547
=040 PCAARRD-DOST
=050 ##$aFil(S) S21.A74$bI54b$cno. 237/2005
=100 1102#$aPhilippine Council for Agriculture, Aquatic and Natural Resources Research and Development (PCAARRD)
=245 24500$aPhilippine hoyas$cby the Philippine Council for Agriculture, Aquatic and Natural Resources Research and Development (PCAARRD)
=300 300##$av, 23 leaves$bwith colored photos

