=LDR  00000nam  2200000   4500
=001 PCRD-H000735
=003 000548
=040 PCAARRD-DOST
=050 ##$aFil(S) S21.A74$bI54b$cno. 236/2005
=100 1102#$aPhilippine Council for Agriculture, Aquatic and Natural Resources Research and Development (PCAARRD)
=245 24500$aLagundi (Vitex negundo L.)$cby the Philippine Council for Agriculture, Aquatic and Natural Resources Research and Development (PCAARRD)
=300 300##$avii, 8 leaves

