=LDR  00000nam  2200000   4500
=001 PCRD-H000737
=003 000549
=040 PCAARRD-DOST
=050 ##$aFil(S) S21.A74$bI54b$cno. 235/2005
=100 1102#$aPhilippine Council for Agriculture, Aquatic and Natural Resources Research and Development (PCAARRD)
=245 24500$aAkapulko (Senna alata [L.] Roxb.)$cby the Philippine Council for Agriculture, Aquatic and Natural Resources Research and Development (PCAARRD)
=300 300##$avii, 7 leaves

