=LDR  00000nam  2200000   4500
=001 PCRD-H000739
=003 000550
=040 PCAARRD-DOST
=050 ##$aFil(S) S21.A74$bI54b$cno. 233/2003
=100 1102#$aPhilippine Council for Agriculture, Aquatic and Natural Resources Research and Development (PCAARRD)
=245 24500$aPhilippine agriculture and forest biotechnology agenda II [2002-2010]$cby the Philippine Council for Agriculture, Aquatic and Natural Resources Research and Development (PCAARRD)
=300 300##$axiv, 41 leaves

