=LDR  00000nam  2200000   4500
=001 PCRD-H000741
=003 000551
=040 PCAARRD-DOST
=050 ##$aFil(S) S21.A74$bI54b$cno. 232/2003
=100 1102#$aPhilippine Council for Agriculture, Aquatic and Natural Resources Research and Development (PCAARRD)
=245 24500$aPhilippine aglaonemas (Simeona V. Siar)$cby the Philippine Council for Agriculture, Aquatic and Natural Resources Research and Development (PCAARRD)
=300 300##$avii, 28 leaves$bwith colored photos and colored illustrations

