=LDR  00000nam  2200000   4500
=001 PCRD-H000743
=003 000552
=040 PCAARRD-DOST
=050 ##$aFil(S) S21.A74$bI54b$cno. 231/2002
=100 1102#$aPhilippine Council for Agriculture, Aquatic and Natural Resources Research and Development 
=245 24500$aWeb-based El Niño phenomenon information system$cby the Philippine Council for Agriculture, Aquatic and Natural Resources Research and Development 
=300 300##$a2 leaves

