=LDR  00000nam  2200000   4500
=001 PCRD-H000745
=003 000553
=040 PCAARRD-DOST
=050 ##$aFil(S) S21.A74$bI54b$cno. 226/2002
=100 1102#$aPhilippine Council for Agriculture, Aquatic and Natural Resources Research and Development 
=245 24500$aCrops biotechnology research and development program : $bdevelopment of corn varieties : resistant to Asiatic corn borer (ACB), downy mildew and stalk rot complex$cby the Philippine Council for Agriculture, Aquatic and Natural Resources Research an
=300 300##$a4 leaves

