=LDR  00000nam  2200000   4500
=001 PCRD-H000747
=003 000554
=040 PCAARRD-DOST
=050 ##$aFil(S) S21.A74$bI54b$cno. 225/2002
=100 1102#$aPhilippine Council for Agriculture, Aquatic and Natural Resources Research and Development 
=245 24500$aPeanut varieties$cby the Philippine Council for Agriculture, Aquatic and Natural Resources Research and Development 
=300 300##$a14 leaves$bwith colored photos

