=LDR  00000nam  2200000   4500
=001 PCRD-H000749
=003 000555
=040 PCAARRD Information Bulletin
=050 ##$aFil(S) S21.A74$bI54b$cno. 224/2002
=100 1102#$aPhilippine Council for Agriculture, Aquatic and Natural Resources Research and Development 
=245 24500$aSoybean varieties$cby the Philippine Council for Agriculture, Aquatic and Natural Resources Research and Development 
=300 300##$a14 leaves$bwith colored photos

