=LDR  00000nam  2200000   4500
=001 PCRD-H000751
=003 000556
=040 PCAARRD-DOST
=050 ##$aFil(S) S21.A74$bI54b$cno. 223/2002
=100 1102#$aPhilippine Council for Agriculture, Aquatic and Natural Resources Research and Development (PCAARRD)
=245 24500$aMungbean varieties$cby the Philippine Council for Agriculture, Aquatic and Natural Resources Research and Development (PCAARRD)
=300 300##$avii, 11 leaves$bwith colored photo

