=LDR  00000nam  2200000   4500
=001 PCRD-H000753
=003 000557
=040 PCAARRD-DOST
=050 ##$aFil(S) S21.A74$bI54b$cno. 222/2002
=100 1102#$aPhilippine Council for Agriculture, Aquatic and Natural Resources Research and Development (PCAARRD)
=245 24500$aLeaf yellow blotch of dendrobium in the Philippines$cby the Philippine Council for Agriculture, Aquatic and Natural Resources Research and Development (PCAARRD)
=300 300##$av, 9 leaves$bwith colored  photos

