=LDR  00000nam  2200000   4500
=001 PCRD-H000757
=003 000559
=040 PCAARRD-DOST
=050 ##$aFil(S) S21.A74$bI54b$cno. 220/2002
=100 1102#$aPhilippine Council for Agriculture, Aquatic and Natural Resources Research and Development (PCAARRD)
=245 24500$aA guide to dendrobium growing$cby the Philippine Council for Agriculture, Aquatic and Natural Resources Research and Development (PCAARRD)
=300 300##$avii, 17 leaves$bwith colored photos

