=LDR  00000nam  2200000   4500
=001 PCRD-H000779
=003 000571
=040 PCAARRD-DOST
=050 ##$aFil(S) S21.A74$bI54b$cno. 209/2001
=100 1102#$aPhilippine Council for Agriculture, Aquatic and Natural Resources Research and Development (PCAARRD)
=245 24500$aMango fruit fly (Bactrocera philippinensis sp. N. Bactrocera occipitalis (Bezzi)$cby the Philippine Council for Agriculture, Aquatic and Natural Resources Research and Development (PCAARRD)
=300 300##$a4 leaves$bwith colored photos

