=LDR  00000nam  2200000   4500
=001 PCRD-H000785
=003 000574
=040 PCAARRD-DOST
=050 ##$aFil(S) S21.A74$bI54b$cno. 205/2001
=100 1102#$aPhilippine Council for Agriculture, Aquatic and Natural Resources Research and Development (PCAARRD)
=245 24500$aInsect pests of foliage plants$cby the Philippine Council for Agriculture, Aquatic and Natural Resources Research and Development (PCAARRD)
=300 300##$a30 leaves$bwith colored photos

