=LDR  00000nam  2200000   4500
=001 PCRD-H000789
=003 000576
=040 PCAARRD-DOST
=050 ##$aFil(S) S21.A74$bI54b$cno. 203/2000
=100 1102#$aPhilippine Council for Agriculture, Aquatic and Natural Resources Research and Development (PCAARRD)
=245 24500$aOfficials at the helm of PCARRD$cby the Philippine Council for Agriculture, Aquatic and Natural Resources Research and Development (PCAARRD)
=300 300##$a21 leaves$bwith colored photos

