=LDR  00000nam  2200000   4500
=001 PCRD-H000820
=003 000592
=040 PCAARRD-DOST
=050 ##$aFil(S) S21.A74$bI54b$cno. 187/2000
=100 1102#$aPhilippine Council for Agriculture, Aquatic and Natural Resources Research and Development (PCAARRD)
=245 24500$aIntegrated ornamental horticulture r and d program$bmass propagation of mussaenda using mist system$cby the Philippine Council for Agriculture, Aquatic and Natural Resources Research and Development (PCAARRD)
=300 300##$a5 leaves

