=LDR  00000nam  2200000   4500
=001 PCRD-H000826
=003 000595
=040 PCAARRD-DOST
=050 ##$aFil(S) S21.A74$bI54b$cno. 184/2000
=100 1102#$aPhilippine Council for Agriculture, Aquatic and Natural Resources Research and Development (PCAARRD)
=245 24500$aIntegrated ornamental horticulture r and d program$bfish-tail fern production$cby the Philippine Council for Agriculture, Aquatic and Natural Resources Research and Development (PCAARRD)
=300 300##$a7 leaves

