=LDR  00000nam  2200000   4500
=001 PCRD-H000850
=003 000607
=040 PCAARRD-DOST
=050 ##$aFil(S) S21.A74$bI54b$cno. 155/1999
=100 1102#$aPhilippine Council for Agriculture, Aquatic and Natural Resources Research and Development (PCAARRD)
=245 24500$aSweet pepper production guide$cby the Philippine Council for Agriculture, Aquatic and Natural Resources Research and Development (PCAARRD)
=300 300##$a5 leaves$bwith colored photos

