=LDR  00000nam  2200000   4500
=001 PCRD-H000896
=003 000632
=040  PCAARRD-DOST
=050 ##$aFil(S) S21.A74$bI54b$cno. 143/1999
=100 1102#$aPhilippine Council for Agriculture, Aquatic and Natural Resources Research and Development (PCAARRD)
=245 24500$aSerological technique in indexing orchids for viruses$cby the Philippine Council for Agriculture, Aquatic and Natural Resources Research and Development (PCAARRD)
=300 300##$a3 leaves$bwith non colored photos

