=LDR  00000nam  2200000   4500
=001 PCRD-H000898
=003 000633
=040 PCAARRD-DOST
=050 ##$aFil(S) S21.A74$bI54b$cno. 142/1999
=100 1102#$aPhilippine Council for Agriculture, Aquatic and Natural Resources Research and Development (PCAARRD)
=245 24500$aIntegrated ornamental horticulture r and d program$bMussaenda propagation with the 'kulb' system$cby the Philippine Council for Agriculture, Aquatic and Natural Resources Research and Development (PCAARRD)
=300 300##$a5 leaves$bwith colored photo

