=LDR  00000nam  2200000   4500
=001 PCRD-H000910
=003 000640
=040 PCAARRD-DOST
=050 ##$aFil(S) S21.A74$bI54b$cno. 134-B/2000
=100 1102#$aPhilippine Council for Agriculture, Aquatic and Natural Resources Research and Development (PCAARRD)
=245 24500$aTechno gabay program$cby the Philippine Council for Agriculture, Aquatic and Natural Resources Research and Development (PCAARRD)
=250 250##$aReprint edition
=300 300##$a5 leaves$bwith colored illustrations

