=LDR  00000nam  2200000   4500
=001 PCRD-H000916
=003 000643
=040 PCAARRD-DOST
=050 ##$aFil(S) S21.A74$bI54b$cno. 134/1999
=100 1102#$aPhilippine Council for Agriculture, Aquatic and Natural Resources Research and Development (PCAARRD)
=245 24500$aTechno gabay unlad buhay para sa masa program$cby the Philippine Council for Agriculture, Aquatic and Natural Resources Research and Development (PCAARRD)
=300 300##$a5 leaves$bwith colored illustration

