=LDR  00000nam  2200000   4500
=001 PCRD-H000918
=003 000644
=040 PCAARRD-DOST
=050 ##$aFil(S) S21.A74$bI54b$cno. 133/1999
=100 1102#$aPhilippine Council for Agriculture, Aquatic and Natural Resources Research and Development (PCAARRD)
=022 971-20-0459-7
=245 24500$aPest and diseases of mussaenda$cby the Philippine Council for Agriculture, Aquatic and Natural Resources Research and Development (PCAARRD)
=300 300##$a30 leaves$bwith colored photos

