=LDR  00000nam  2200000   4500
=001 PCRD-H000922
=003 000646
=040  PCAARRD-DOST
=050 ##$aFil(S) S21.A74$bI54b$cno. 103/1998
=100 1102#$aPhilippine Council for Agriculture, Aquatic and Natural Resources Research and Development (PCAARRD)
=245 24500$aIntegrated ornamental horticulture research and development program$bAnthuriums$cby the Philippine Council for Agriculture, Aquatic and Natural Resources Research and Development (PCAARRD)
=300 300##$a5 leaves$bwith colored photos

