=LDR  00000nam  2200000   4500
=001 PCRD-H000927
=003 000649
=040 PCAARRD-DOST
=050 ##$aFil(S) S21.A74$bI54b$cno. 97/1998
=100 1102#$aPhilippine Council for Agriculture, Aquatic and Natural Resources Research and Development (PCAARRD)
=245 24500$aSmall farm reservoir$ba water-impounding earth-dam structure for collecting rainfall and runoff$cby the Philippine Council for Agriculture, Aquatic and Natural Resources Research and Development (PCAARRD)
=300 300##$a5 leaves$bwith non colored photo

