=LDR  00000nam  2200000   4500
=001 PCRD-H000930
=003 000650
=040 PCAARRD-DOST
=050 ##$aFil(S) S21.A74$bI54b$cno. 96/1998
=100 1102#$aPhilippine Council for Agriculture, Aquatic and Natural Resources Research and Development (PCAARRD)
=245 24500$aFarmer-scientist bureau [FSB]$bmagsasaka-siyentista program$cby the Philippine Council for Agriculture, Aquatic and Natural Resources Research and Development (PCAARRD)
=300 300##$a5 leaves$bwith colored photo

