=LDR  00000nam  2200000   4500
=001 PCRD-H000932
=003 000651
=040 PCAARRD-DOST
=050 ##$aFil(S) S21.A74$bI54b$cno. 96A/1999
=100 1102#$aPhilippine Council for Agriculture, Aquatic and Natural Resources Research and Development (PCAARRD)
=245 24500$aFarmer-scientist bureau [FSB]$cby the Philippine Council for Agriculture, Aquatic and Natural Resources Research and Development (PCAARRD)
=250 250##$aRevised edition
=300 300##$a5 leaves$bwith colored photos

