=LDR  00000nam  2200000   4500
=001 PCRD-H000936
=003 000653
=040 PCAARRD-DOST
=050 ##$aFil(S) S21.A74$bI54b$cno. 94/1998
=100 1102#$aPhilippine Council for Agriculture, Aquatic and Natural Resources Research and Development (PCAARRD)
=245 24500$aPropagation of banana by tissue culture$cby the Philippine Council for Agriculture, Aquatic and Natural Resources Research and Development (PCAARRD)
=300 300##$a3 leaves$bwith non colored photo

