=LDR  00000nam  2200000   4500
=001 PCRD-H000946
=003 000658
=040 PCAARRD-DOST
=050 ##$aFil(S) S21.A74$bI54b$cno. 89/1998
=100 1102#$aPhilippine Council for Agriculture, Aquatic and Natural Resources Research and Development (PCAARRD)
=245 24500$aProduction of animal manure-based biofertilizer$cby the Philippine Council for Agriculture, Aquatic and Natural Resources Research and Development (PCAARRD)
=300 300##$a3 leaves$bwith colored photo

