=LDR  00000nam  2200000   4500
=001 PCRD-H000957
=003 000664
=040 PCAARRD-DOST
=050 ##$aFil(S) S21.A74$bI54b$cno. 83/1998
=100 1102#$aPhilippine Council for Agriculture, Aquatic and Natural Resources Research and Development (PCAARRD)
=245 24500$aQuick-test kits for the detection of pesticide, herbicide, and fungicide residues$cby the Philippine Council for Agriculture, Aquatic and Natural Resources Research and Development (PCAARRD)
=300 300##$a3 leaves$bwith non colored photo

