=LDR  00000nam  2200000   4500
=001 PCRD-H000959
=003 000665
=040 PCAARRD-DOST
=050 ##$aFil(S) S21.A74$bI54b$cno. 82/1998
=100 1102#$aPhilippine Council for Agriculture, Aquatic and Natural Resources Research and Development (PCAARRD)
=245 24500$aOverview of the r and d program on El Niño$cby the Philippine Council for Agriculture, Aquatic and Natural Resources Research and Development (PCAARRD)
=300 300##$a6 leaves$bwith colored photos

