=LDR  00000nam  2200000   4500
=001 PCRD-H000963
=003 000667
=020 971-20-0413-9
=040 PCAARRD-DOST
=050 ##$aFil(R) Z5074.C9$bA27$c1995
=100 1102#$aPhilippine Council for Agriculture, Forestry and Natural Resources Research and Development (PCAARRD)
=245 24500$aAbstract bibliography - crop science research in the Philippines, 1970-1994$cby the Philippine Council for Agriculture, Forestry and Natural Resources Research and Development (PCARRD) and Prosea Foundation
=300 300##$avii,  1,207 leaves

