=LDR  00000nam  2200000   4500
=001 PCRD-H000965
=003 000668
=040 PCAARRD-DOST
=050 ##$aFil(R) Z5074.W33$bA27$c1978
=100 1102#$aUniversity of the Philippines Los Baños
=245 24500$aAbstract bibliography on water buffalo 1971-1975$cby the University of the Philippines Los Baños and Philippine Council for Agriculture and Resources Research
=300 300##$avii, 281 leaves

