=LDR  00000nam  2200000   4500
=001 PCRD-H000966
=003 000669
=040 PCAARRD-DOST
=050 ##$aFil(R) Z5074.R47$bA27$c1981
=100 1102#$aPhilippine Council for Agriculture, Aquatic and Natural Resources Research and Development (PCAARRD)
=245 24500$aAbstract bibliography of Philippine Researches in agriculture, forestry, fisheries and mines$cby the Philippine Council for Agriculture, Aquatic and Natural Resources Research and Development (PCAARRD)
=300 300##$aLV, 190 leaves

