=LDR  00000nam  2200000   4500
=001 PCRD-H000968
=003 000670
=040 PCAARRD-DOST
=050 ##$aFil(R) Z5074.R47$bA27$c1979
=100 1102#$aPhilippine Council for Agriculture, Aquatic and Natural Resources Research and Development (PCAARRD)
=245 24500$aAbstract bibliography of Researches in agriculture, forestry, fisheries in the Philippines$cby the Philippine Council for Agriculture, Aquatic and Natural Resources Research and Development (PCAARRD)
=300 300##$avii, 284 leaves

