=LDR  00000nam  2200000   4500
=001 PCRD-H000970
=003 000671
=040 PCAARRD-DOST
=050 ##$aFil(R) Z5074.R47$bA27$c1994
=100 1102#$aPhilippine Council for Agriculture, Aquatic and Natural Resources Research and Development (PCAARRD)
=245 24500$aAbstract bibliography of completed researches in agriculture, forestry and natural resources in the Philippines$bI. export winners$cby the Philippine Council for Agriculture, Aquatic and Natural Resources Research and Development (PCAARRD)
=300 300##$axiv, 158 leaves

