=LDR  00000nam  2200000   4500
=001 PCRD-H000972
=003 000672
=040 PCAARRD-DOST
=050 ##$aFil(R) HF5626.P45$bR48$c1981
=100 1102#$aPhilippine Council for Agriculture, Aquatic and Natural Resources Research and Development (PCAARRD)
=245 24500$aRevised auditing manual for research operations$cby the Philippine Council for Agriculture, Aquatic and Natural Resources Research and Development (PCAARRD)
=300 300##$axix, 126 leaves

