=LDR  00000nam  2200000   4500
=001 PCRD-H000974
=003 000673
=040  PCAARRD-DOST
=050 ##$aFil(R) HF5626.P45$bA23$c1992
=100 1102#$aPhilippine Council for Agriculture, Aquatic and Natural Resources Research and Development (PCAARRD)
=245 24500$aAccounting and auditing manual for research operations (book 1)$cby the Philippine Council for Agriculture, Aquatic and Natural Resources Research and Development (PCAARRD)
=300 300##$a161 leaves

