=LDR  00000nam  2200000   4500
=001 PCRD-H000976
=003 000674
=040 PCAARRD-DOST
=050 ##$aFil(R) HJ2005$bB83$c1992
=100 1102#$aPhilippine Council for Agriculture, Aquatic and Natural Resources Research and Development (PCAARRD)
=245 24500$aBudget manual for research operations in agriculture and natural resources$cby the Philippine Council for Agriculture, Aquatic and Natural Resources Research and Development (PCAARRD)
=300 300##$axi, 61 leaves

