=LDR  00000nam  2200000   4500
=001 PCRD-H000978
=003 000675
=040 PCAARRD-DOST
=050 ##$aFil(R) HF5718.5$bG85$c1992
=100 1000#$aby the Bondad, N.D.
=245 24500$aGuidelines for preparation and submission of research proposals$cBondad, N.D.
=300 300##$a29 leaves

