=LDR  00000nam  2200000   4500
=001 PCRD-H000980
=003 000676
=020 971-20-0486-4
=040 PCAARRD-DOST
=050 ##$aFil(R) S415.P55$bO98$c1992
=100 1102#$aPhilippine Council for Agriculture, Aquatic and Natural Resources Research and Development (PCAARRD)
=245 24500$aOutstanding Filipino women research managers and scientists in agriculture and natural resources$cby the Philippine Council for Agriculture, Aquatic and Natural Resources Research and Development (PCAARRD)
=300 300##$avii, 68 leaves$bwith colored photos

