=LDR  00000nam  2200000   4500
=001 PCRD-H000981
=003 000677
=040 PCAARRD-DOST
=050 ##$aFil(R) S322.P55$bI53$c1992
=100 1102#$aPhilippine Council for Agriculture and Resources Research
=245 24500$aIndex to PCARR publications 1972-1977$cby the Philippine Council for Agriculture and Resources Research
=300 300##$a384 leaves

