=LDR  00000nam  2200000   4500
=001 PCRD-H000983
=003 000678
=040 PCAARRD-DOST
=050 ##$aFil(B) S542.P45$bP75$c1983
=100 1102#$aPhilippine Council for Agriculture, Aquatic and Natural Resources Research and Development (PCAARRD)
=245 24500$aPriority research areas 1983-1987$cby the Philippine Council for Agriculture, Aquatic and Natural Resources Research and Development (PCAARRD)
=300 300##$av, 366 leaves

