=LDR  00000nam  2200000   4500
=001 PCRD-H000985
=003 000679
=020 971-110-107-6
=040 PCAARRD-DOST
=050 ##$aFil(B) HD1787.P45$bA37$c1991
=100 1102#$aPhilippine Council for Agriculture, Aquatic and Natural Resources Research and Development (PCAARRD)
=245 24500$aAgricultural policy in the Philippines$ban analysis of issues in the eighties$cby the Philippine Council for Agriculture, Aquatic and Natural Resources Research and Development (PCAARRD)
=300 300##$a251 leaves

