=LDR  00000nam  2200000   4500
=001 PCRD-H000987
=003 000680
=040 PCAARRD-DOST
=050 ##$aFil(B) QC851$bA87$c1999
=100 1102#$aPhilippine Council for Agriculture, Aquatic and Natural Resources Research and Development (PCAARRD)
=245 24500$aAssessment of the effects of El Niño phenomenon in Philippine agriculture$cby the Philippine Council for Agriculture, Aquatic and Natural Resources Research and Development (PCAARRD)
=300 300##$a119 leaves$bwith non colored photos

