=LDR  00000nam  2200000   4500
=001 PCRD-H000989
=003 000681
=020 971-20-0447-3
=040 PCAARRD-DOST
=050 ##$aFil(B) S540.I56$bS73$c1997
=100 1102#$aPhilippine Council for Agriculture, Aquatic and Natural Resources Research and Development (PCAARRD)
=245 24500$aState of affairs of PCARRD partnerships with national and international r and d institutions$cby the Philippine Council for Agriculture, Aquatic and Natural Resources Research and Development (PCAARRD)
=300 300##$avii, 62 leaves$bwith colored photos and non colored illustrations

