=LDR  00000nam  2200000   4500
=001 PCRD-H000990
=003 000682
=040 PCAARRD-DOST
=050 ##$aFil(B) PN47$bB47$c1998
=100 1102#$aPhilippine Council for Agriculture, Aquatic and Natural Resources Research and Development (PCAARRD)
=245 24500$aPoetry$blife, nature, and science$cby Bernardo ,Fernando A.
=300 300##$avii, 123 leaves$bwith colored illustrations

