=LDR  00000nam  2200000   4500
=001 PCRD-H000991
=003 000683
=020 971-20-0454-6
=040 PCAARRD-DOST
=050 ##$aFil(B) S405$bB85$c1998
=100 1102#$aPhilippine Council for Agriculture, Aquatic and Natural Resources Research and Development (PCAARRD)
=245 24500$aBuilding partnerships and capacities$ba centennial achievement of PCARRD (a compendium of speeches by William D. Dar [June 1997 - May1998])$cby the Philippine Council for Agriculture, Aquatic and Natural Resources Research and Development (PCAARRD)
=300 300##$axiii, 172 leaves$bwith colored photos

