=LDR  00000nam  2200000   4500
=001 PCRD-H000993
=003 000684
=020 971-20-0440-6
=040 PCAARRD-DOST
=050 ##$aFil(B) S405$bG43$c1997
=100 1102#$aPhilippine Council for Agriculture, Aquatic and Natural Resources Research and Development (PCAARRD)
=245 24500$aGearing up$ba compendium of speeches by William D. Dar (June 1996 - May 1997)$cby the Philippine Council for Agriculture, Aquatic and Natural Resources Research and Development (PCAARRD)
=300 300##$axi, 130 leaves$bwith colored photos

