=LDR  00000nam  2200000   4500
=001 PCRD-H000995
=003 000685
=040 PCAARRD-DOST
=050 ##$aFil(B) SD397.L4$bI65$c1977
=100 1102#$aPhilippine Council for Agriculture, Aquatic and Natural Resources Research and Development (PCAARRD)
=245 24500$aIpil-ipil$bthe wonder tree$cby the Philippine Council for Agriculture, Aquatic and Natural Resources Research and Development (PCAARRD)
=300 300##$a17 leaves$bwith non colored photo

