=LDR  00000nam  2200000   4500
=001 PCRD-H000997
=003 000686
=040 PCAARRD-DOST
=050 ##$aFil(B) S482.P45$bP33$c2000
=100 1102#$aPhilippine Council for Agriculture, Aquatic and Natural Resources Research and Development (PCAARRD)
=245 24500$aBringing s and t to the masses$bPCARRD medium-term programs and priorities (2000 - 2004)$cby the Philippine Council for Agriculture, Aquatic and Natural Resources Research and Development (PCAARRD)
=300 300##$av, 19 leaves$bwith non colored illustrations

