=LDR  00000nam  2200000   4500
=001 PCRD-H000999
=003 000687
=020 971-20-0214-4
=040 PCAARRD-DOST
=050 ##$aFil(B) SD397.R38$bP45$cno. 1/1992
=100 1102#$aPhilippine Council for Agriculture, Aquatic and Natural Resources Research and Development (PCAARRD)
=245 24500$aRattan how-to series$bseed technology and nursery techniques$cby the Philippine Council for Agriculture, Aquatic and Natural Resources Research and Development (PCAARRD)
=300 300##$avi, 10 leaves$bwith colored photo and non colored illustrations

