=LDR  00000nam  2200000   4500
=001 PCRD-H001001
=003 000688
=020 971-20-0215-2
=040 PCAARRD-DOST
=050 ##$aFil(B) SD397.R38$bP45$cno. 2/1992
=100 1102#$aPhilippine Council for Agriculture, Aquatic and Natural Resources Research and Development (PCAARRD)
=245 24500$aRattan how-to series$bplantation establishment, maintenance, and harvesting$cby the Philippine Council for Agriculture, Aquatic and Natural Resources Research and Development (PCAARRD)
=300 300##$avi, 10 leaves$bwith colored photo and non colored illustrations

