=LDR  00000nam  2200000   4500
=001 PCRD-H001003
=003 000689
=020 971-20-0216-0
=040 PCAARRD-DOST
=050 ##$aFil(B) SD397.R38$bP45$cno. 3/1992
=100 1102#$aPhilippine Council for Agriculture, Aquatic and Natural Resources Research and Development (PCAARRD)
=245 24500$aRattan how-to series$bchemical treatment, drying, and seasoning of rattan poles$cby the Philippine Council for Agriculture, Aquatic and Natural Resources Research and Development (PCAARRD)
=300 300##$avi, 11 leaves$bwith colored photos

