=LDR  00000nam  2200000   4500
=001 PCRD-H001005
=003 000690
=020 971-20-0217-9
=040 PCAARRD-DOST
=050 ##$aFil(B) SD397.R38$bP45$cno. 4/1992
=100 1102#$aPhilippine Council for Agriculture, Aquatic and Natural Resources Research and Development (PCAARRD)
=245 24500$aRattan how-to series$brattan manufacturing technologies$cby the Philippine Council for Agriculture, Aquatic and Natural Resources Research and Development (PCAARRD)
=300 300##$avi, 9 leaves$bnon colored illustrations

