=LDR  00000nam  2200000   4500
=001 PCRD-H001007
=003 000691
=040 PCAARRD-DOST
=050 ##$aFil(B) S301.T43$bN38$c1998
=100 1102#$aPhilippine Council for Agriculture, Aquatic and Natural Resources Research and Development (PCAARRD)
=245 24500$aNational r and d team composition$cby the Philippine Council for Agriculture, Aquatic and Natural Resources Research and Development (PCAARRD)
=300 300##$aiv, 51 leaves

