=LDR  00000nam  2200000   4500
=001 PCRD-H001008
=003 000692
=020 971-20-0200-4
=040 PCAARRD-DOST
=050 ##$aFil(B) S301$bN38$c1991
=100 1102#$aPhilippine Council for Agriculture, Aquatic and Natural Resources Research and Development (PCAARRD)
=245 24500$aNational priority research and development areas 1991-1995$cby the Philippine Council for Agriculture, Aquatic and Natural Resources Research and Development (PCAARRD)
=300 300##$avi, 237 leaves

