=LDR  00000nam  2200000   4500
=001 PCRD-H001009
=003 000693
=020 971-20-0428-7
=040 PCAARRD-DOST
=050 ##$aFil(B) S405$bN49$c1996
=100 1102#$aPhilippine Council for Agriculture, Aquatic and Natural Resources Research and Development (PCAARRD)
=245 24500$aNew challenges, new strategies$ba compendium of speeches by William D. Dar (July 1995 - June 1996)$cby the Philippine Council for Agriculture, Aquatic and Natural Resources Research and Development (PCAARRD)
=300 300##$aix, 128 leaves

