=LDR  00000nam  2200000   4500
=001 PCRD-H001010
=003 000694
=040 PCAARRD-DOST
=050 ##$aFil(B) S301$bM43$c1994
=100 1102#$aPhilippine Council for Agriculture, Aquatic and Natural Resources Research and Development (PCAARRD)
=245 24500$aMedium-term research and development plan for Philippine Agriculture and Natural Resources 1995 - 2000$cby the Philippine Council for Agriculture, Aquatic and Natural Resources Research and Development (PCAARRD)
=300 300##$avii, 79 leaves$bwith colored photos

