=LDR  00000nam  2200000   4500
=001 PCRD-H001011
=003 000695
=040 PCAARRD-DOST
=050 ##$aFil(B) HD1537.P5$bM36$c1977
=100 1102#$aPhilippine Council for Agriculture, Aquatic and Natural Resources Research and Development (PCAARRD)
=245 24500$aManpower resources in Philippine Agriculture, Fisheries, Forestry and Mines Research 1977$cby the Philippine Council for Agriculture, Aquatic and Natural Resources Research and Development (PCAARRD)
=300 300##$a311 leaves

