=LDR  00000nam  2200000   4500
=001 PCRD-H001013
=003 000697
=040 PCAARRD-DOST
=050 ##$aFil(B) S301$bM35$c1985
=100 1102#$aRamon V. Valmayor
=245 24500$aThe making of the Philippine Agriculture and Resources Research System$ba case for the developing world$cby Valmayor, Ramon V.
=300 300##$avii, 166 leaves$bwith colored photos and some non colored photos

