=LDR  00000nam  2200000   4500
=001 PCRD-H001014
=003 000698
=040 PCAARRD-DOST
=050 ##$aFil(B) HG2051.P5$bL46$c1975
=100 1102#$aPhilippine Council for Agriculture, Aquatic and Natural Resources Research and Development (PCAARRD)
=245 24500$aLending agencies for rice and corn farmers 1975$cby the Philippine Council for Agriculture, Aquatic and Natural Resources Research and Development (PCAARRD)
=300 300##$a40 leaves

