=LDR  00000nam  2200000   4500
=001 PCRD-H001015
=003 000699
=040 PCAARRD-DOST
=050 ##$aFil(B) SB110$bD48$c1978
=100 1102#$aPhilippine Council for Agriculture, Aquatic and Natural Resources Research and Development (PCAARRD)
=245 24500$aDevelopment and management of rainfed crop production$cby the Philippine Council for Agriculture, Aquatic and Natural Resources Research and Development (PCAARRD)
=300 300##$axi, 143 leaves$bwith colored photos

