=LDR  00000nam  2200000   4500
=001 PCRD-H001017
=003 000700
=040 PCAARRD-DOST
=050 ##$aFil(B) S401$bD75$c1996
=100 1102#$aJ.D. Drilon, Jr.
=245 24500$aChallenge and opportunity at PCARR$ba management view$cby Drilon, Jr., J.D. 
=300 300##$a67 leaves

