=LDR  00000nam  2200000   4500
=001 PCRD-H001018
=003 000701
=040 PCAARRD-DOST
=050 ##$aFil(B) SB205.S7$bS69$c1996
=100 1102#$aPhilippine Council for Agriculture, Aquatic and Natural Resources Research and Development (PCAARRD)
=245 24500$aSoybean production and processing$cby the Philippine Council for Agriculture, Aquatic and Natural Resources Research and Development (PCAARRD)
=300 300##$a74 leaves$bwith colored photos and colored illustrations

