=LDR  00000nam  2200000   4500
=001 PCRD-H001019
=003 000702
=020 971-20-0484-8
=040 PCAARRD-DOST
=050 ##$aFil(B) S405$bS77$c2001
=100 1102#$aPhilippine Council for Agriculture, Aquatic and Natural Resources Research and Development (PCAARRD)
=245 24500$aStrategies for agriculture development in the new millennium$bcompendium of speeches (1999-2000)$cby the Philippine Council for Agriculture, Aquatic and Natural Resources Research and Development (PCAARRD)
=300 300##$avii, 278 leaves

