=LDR  00000nam  2200000   4500
=001 PCRD-H001020
=003 000703
=040 PCAARRD-DOST
=050 ##$aFil(B) S405$bR47$c1995
=100 1102#$aPhilippine Council for Agriculture, Aquatic and Natural Resources Research and Development (PCAARRD)
=245 24500$aReshaping$bthe national agriculture and natural resources r and d system (a compendium of speeches by Dr. William D. Dar [July 1994-June 1995]$cby the Philippine Council for Agriculture, Aquatic and Natural Resources Research and Development (PCAAR
=300 300##$avi, 130 leaves$bwith colored photos

