=LDR  00000nam  2200000   4500
=001 PCRD-H001021
=003 000704
=040 PCAARRD-DOST
=050 ##$aFil(B) SB171.P5$bU85$c1996
=100 1102#$aUniversity of the Philippines Los Baños (UPLB)
=245 24500$aUtilization of Bagalunga (Melia dubia Cav.) : a primer$cby the University of the Philippines Los Baños, College of forestry (UPLB); Forest Products Research and Development Institute (FPRDI) and Philippine Council for Agriculture, Aquatic and Natur
=300 300##$a37 leaves

