=LDR  00000nam  2200000   4500
=001 PCRD-H001022
=003 000705
=020 971-20-0471-6
=040 PCAARRD-DOST
=050 ##$aFil(B) S601$bP63$cno. 01/2000
=100 1102#$aPhilippine Council for Agriculture, Aquatic and Natural Resources Research and Development (PCAARRD)
=245 24500$aIntegrated Pest Management : Mango$cby the Philippine Council for Agriculture, Aquatic and Natural Resources Research and Development (PCAARRD)
=300 300##$aix, 62 leaves$bwith colored photos and non colored illustrations

