=LDR  00000nam  2200000   4500
=001 PCRD-H001024
=003 000706
=020 971-20-0461-9
=040 PCAARRD-DOST
=050 ##$aFil(B) S301$bS86$cno. 06/1999
=100 1102#$aPhilippine Council for Agriculture, Aquatic and Natural Resources Research and Development (PCAARRD)
=245 24500$aPositioning PCARRD for the 21st century$bproceedings of the PCARRD 25th anniversary symposium on visioning [11 November 1997]$cby the Philippine Council for Agriculture, Aquatic and Natural Resources Research and Development (PCAARRD)
=300 300##$av, 45 leaves

