=LDR  00000nam  2200000   4500
=001 PCRD-H001026
=003 000707
=020 978-971-20-0539-8
=040 PCAARRD-DOST
=050 ##$aFil(B) S301$bS86$cno. 10/2008
=100 1102#$aPhilippine Council for Agriculture, Aquatic and Natural Resources Research and Development (PCAARRD)
=245 24500$aTechno gabay$bmakabagong paraan sa pagsulong ng agham at teknolohiya$cby the Philippine Council for Agriculture, Aquatic and Natural Resources Research and Development (PCAARRD)
=300 300##$axv, 122 leaves

