=LDR  00000nam  2200000   4500
=001 PCRD-H001027
=003 000708
=020 971-20-0432-5
=040 PCAARRD-DOST
=050 ##$aFil(B) S301$bS86$cno. 03/1997
=100 1102#$aPhilippine Council for Agriculture, Aquatic and Natural Resources Research and Development (PCAARRD)
=245 24500$aSustainable agriculture$cby the Philippine Council for Agriculture, Aquatic and Natural Resources Research and Development (PCAARRD)
=300 300##$avi, 194 leaves

