=LDR  00000nam  2200000   4500
=001 PCRD-H001028
=003 000709
=040 PCAARRD-DOST
=050 ##$aFil(B) S495$bB66S$cno. 57/1987
=100 1000#$aRanjhan, S.K.
=245 24500$aHusbandry of swamp buffaloes in the Philippines$cby  S.K. Ranjhan, P.S. Faylon, V.G. Momongan and L.C. Cruz
=300 300##$a 192 leaves$bwith colored photos

