=LDR  00000nam  2200000   4500
=001 PCRD-H001030
=003 000710
=020  971-20-0304-3
=040 PCAARRD-DOST
=050 ##$aFil(B) S495$bB66S$cno. 126/1992
=100 1102#$aPhilippine Council for Agriculture, Aquatic and Natural Resources Research and Development (PCAARRD)
=245 24500$aCarabao production in the Philippines$cby the Philippine Council for Agriculture, Aquatic and Natural Resources Research and Development (PCAARRD)
=300 300##$aix, 235 leaves$bwith colored photos

