=LDR  00000nam  2200000   4500
=001 PCRD-H001032
=003 000711
=040 PCAARRD-DOST
=050 ##$aFil(B) S301$bS86$cno. 08/1999
=100 1102#$aPhilippine Council for Agriculture, Aquatic and Natural Resources Research and Development (PCAARRD)
=245 24500$aConsultative meetings with state college and university presidents$cby the Philippine Council for Agriculture, Aquatic and Natural Resources Research and Development (PCAARRD)
=300 300##$aviii, 115 leaves

