=LDR  00000nam  2200000   4500
=001 PCRD-H001034
=003 000712
=040 PCAARRD-DOST
=050 ##$aFil(B) SB110$bD75$c1979
=100 1000#$aJ.D. Drilon, Jr.
=245 24500$aPhilippine experience in crops in dry areas$cby Drilon, Jr., J.D. 
=300 300##$a28 leaves$bwith non colored illustrations

