=LDR  00000nam  2200000   4500
=001 PCRD-H001035
=003 000713
=020 971-20-0525-9
=040 PCAARRD-DOST
=050 ##$aFil(B) S484$bP33$c2004
=100 1102#$aPhilippine Council for Agriculture, Aquatic and Natural Resources Research and Development (PCAARRD)
=245 24500$aPCARRD banner programs : 2000-2004$cby the Philippine Council for Agriculture, Aquatic and Natural Resources Research and Development (PCAARRD)
=300 300##$a82 leaves$bwith colored photos

