=LDR  00000nam  2200000   4500
=001 PCRD-H001036
=003 000714
=020 971-1022-18-4
=040 PCAARRD-DOST
=050 ##$aFil(B) SH167.T54$bS65$c1985
=100 1102#$aPhilippine Council for Agriculture, and Resources Research and Development (PCARRD)
=245 24500$aPhilippine tilapia economics$cedited by I.R. Smith, E.B. Torres and E.O. Tan
=300 300##$a261 leaves$bwith non colored illustrations

