=LDR  00000nam  2200000   4500
=001 PCRD-H001038
=003 000715
=040 PCAARRD-DOST
=050 ##$aFil(B) HD9259.C59$bS46$c1978
=100 1102#$aPhilippine Council for Agriculture,  and Resources Research (PCARR)
=245 24500$aSeminar on methods of copra drying$cby the Philippine Council for Agriculture,  and Resources Research (PCARR) and Philippine Coconut Authority
=300 300##$a99 leaves$bwith non colored illustrations

