=LDR  00000nam  2200000   4500
=001 PCRD-H001039
=003 000716
=020 978-971-579-061-1
=040 PCAARRD-DOST
=050 ##$aFil(B) SB317.B2$bR39$c2012
=100 1000#$aRamon A. Razal
=245 24500$aMainstreaming engineered-bamboo products for construction and furniture$cby Razal, Ramon A.; Priscila C. Dolom; Aresna B. Palacpac and 5 more authors
=300 300##$axix, 140 leaves$bwith colored photos

