=LDR  00000nam  2200000   4500
=001 PCRD-H001040
=003 000717
=020 978-971-20-0536-7
=040 PCAARRD-DOST
=050 ##$aFil(B) TX801$bK35$c2013
=100 1102#$aPhilippine Council for Agriculture, Aquatic and Natural Resources Research and Development (PCAARRD)
=245 24500$aMga lutuing katutubong gulay$cby the Philippine Council for Agriculture, Aquatic and Natural Resources Research and Development (PCAARRD)
=250 250##$aSecond edition
=300 300##$axi, 76 leaves$bwith colored photos

