=LDR  00000nam  2200000   4500
=001 PCRD-H001041
=003 000718
=020 978-971-20-0544-2
=040 PCAARRD-DOST
=050 ##$aFil(B) S494.5.I5$bM34$c2009
=100 1102#$aPhilippine Council for Agriculture, Aquatic and Natural Resources Research and Development (PCAARRD)
=245 24500$aMagsasaka siyentista$bdiscovering. Reaching out.$cby the Philippine Council for Agriculture, Aquatic and Natural Resources Research and Development (PCAARRD)
=300 300##$axi, 50 leaves$bwith colored photos and non colored illustrations

