=LDR  00000nam  2200000   4500
=001 PCRD-H001042
=003 000719
=020 971-20-0477-5
=040 PCAARRD-DOST
=050 ##$aFil(B) GC296.8.E4$bE46$c2001
=100 1102#$aPhilippine Council for Agriculture, Aquatic and Natural Resources Research and Development (PCAARRD)
=245 24500$aEl Niño southern oscillation $bmitigating measures$cby the Philippine Council for Agriculture, Aquatic and Natural Resources Research and Development (PCAARRD)
=300 300##$aix, 296 leaves$bwith non colored photos and some colored photos

