=LDR  00000nam  2200000   4500
=001 PCRD-H001049
=003 000720
=040 PCAARRD-DOST
=050 ##$aFil(R) S496$bF37$c1983
=100 1102#$aPhilippine Council for Agriculture, Aquatic and Natural Resources Research and Development (PCAARRD)
=245 24500$aFarm broadcasters' handbook (English-Pilipino)$cby the Philippine Council for Agriculture, Aquatic and Natural Resources Research and Development (PCAARRD)
=300 300##$a1,034 leaves$bwith non colored illustrations

