=LDR  00000nam  2200000   4500
=001 PCRD-H001051
=003 000721
=040  PCAARRD-DOST
=050 ##$aFil(R) S530.5.S63$bD57$c1997
=100 1102#$aPhilippine Council for Agriculture, Aquatic and Natural Resources Research and Development (PCAARRD)
=245 24500$aDirectory of social science researchers in the national agriculture and resources research and development network$cby the Philippine Council for Agriculture, Aquatic and Natural Resources Research and Development (PCAARRD)
=300 300##$avii, 94 leaves

