=LDR  00000nam  2200000   4500
=001 PCRD-H001053
=003 000722
=020 971-20-0469-4
=040 PCAARRD-DOST
=050 ##$aFil(R) S530.5.A88$bD57$c2013
=100 1102#$aPhilippine Council for Agriculture, Aquatic and Natural Resources Research and Development (PCAARRD)
=245 24500$aDirectory of scholars (2007-2013)$bDOST-SEI accelerated science and technology human resource development program$cby the Philippine Council for Agriculture, Aquatic and Natural Resources Research and Development (PCAARRD)
=300 300##$avii, 131 leaves$bwith colored photos

