=LDR  00000nam  2200000   4500
=001 PCRD-H001055
=003 000723
=020 971-20-0469-4
=040 PCAARRD-DOST
=050 ##$aFil(R) S530.5.P33$bD57$c1999
=100 1102#$aPhilippine Council for Agriculture, Aquatic and Natural Resources Research and Development (PCAARRD)
=245 24500$aDirectory of PCARRD scholars 1973-1997$cby the Philippine Council for Agriculture, Aquatic and Natural Resources Research and Development (PCAARRD)

