=LDR  00000nam  2200000   4500
=001 PCRD-H001057
=003 000724
=020 971-20-0469-4
=040 PCAARRD-DOST
=050 ##$aFil(R) S530.5.A88$bD57$c2015
=100 1102#$aPhilippine Council for Agriculture, Aquatic and Natural Resources Research and Development (PCAARRD)
=245 24500$aDirectory of ASTHRDP scholars$baquatic (2007-2014); agriculture and natural resources (2013-2014)$cby the Philippine Council for Agriculture, Aquatic and Natural Resources Research and Development (PCAARRD)
=300 300##$ax, 118 leaves$bwith colored photos

