=LDR  00000nam  2200000   4500
=001 PCRD-H001059
=003 000725
=040 PCAARRD-DOST
=050 ##$aFil(R) S560.45$bD53$c1979 
=100 1102#$aPhilippine Council for Agriculture, Aquatic and Natural Resources Research and Development (PCAARRD)
=245 24500$aA dictionary of acronmys and initalisms in agriculture and related subjects$cby the Philippine Council for Agriculture, Aquatic and Natural Resources Research and Development (PCAARRD)
=300 300##$a37 leaves

