=LDR  00000nam  2200000   4500
=001 PCRD-H001065
=003 000728
=040 PCAARRD_DOST
=050 ##$aFil(S) S411$bD38$cno. 12/1996
=100 1102#$a Philippine Council for Agriculture, Aquatic and Natural Resources Research and Development (PCAARRD)
=245 24500$aMango statistics in the Philippines$cby the  Philippine Council for Agriculture, Aquatic and Natural Resources Research and Development (PCAARRD)
=300 300##$ax, 111 leaves

