=LDR  00000nam  2200000   4500
=001 PCRD-H001066
=003 000729
=040 PCAARRD-DOST
=050 ##$aFil(S) S411$bD38$cno. 11/1996
=100 1102#$aPhilippine Council for Agriculture, Aquatic and Natural Resources Research and Development (PCAARRD)
=245 24500$aPineapple statistics in the Philippines$cby the Philippine Council for Agriculture, Aquatic and Natural Resources Research and Development (PCAARRD)
=300 300##$aix, 118 leaves

