=LDR  00000nam  2200000   4500
=001 PCRD-H001068
=003 000731
=040 PCAARRD-DOST
=050 ##$aFil(S) S411$bD38$cno. 09/1992
=100 1102#$appine Council for Agriculture, Aquatic and Natural Resources Research and Development (PCAARRD)
=245 24500$aDekad rainfall statistics in the Philippines$cby the ppine Council for Agriculture, Aquatic and Natural Resources Research and Development (PCAARRD)
=300 300##$a116 leaves$bwith non colored illustrations

