=LDR  00000nam  2200000   4500
=001 PCRD-H001071
=003 000734
=040 PCAARRD-DOST
=050 ##$aFil(S) S411$bD38$cno. 04/1981
=100 1102#$aPhilippine Council for Agriculture, Aquatic and Natural Resources Research and Development (PCAARRD)
=245 24500$aData series on corn and sorghum statistics in the Philippines$cby the Philippine Council for Agriculture, Aquatic and Natural Resources Research and Development (PCAARRD)
=300 300##$axiii, 244 leaves

