=LDR  00000nam  2200000   4500
=001 PCRD-H001073
=003 000736
=040 PCAARRD-DOST
=050 ##$aFil(S) S411$bD38$cno. 02/1980
=100 1102#$aPhilippine Council for Agriculture, Aquatic and Natural Resources Research and Development (PCAARRD)
=245 24500$aData series on coconut statistics in the Philippines$cby the Philippine Council for Agriculture, Aquatic and Natural Resources Research and Development (PCAARRD)
=300 300##$axiv, 177 leaves

