=LDR  00000nam  2200000   4500
=001 PCRD-H001074
=003 000737
=040  PCAARRD-DOST
=050 ##$aFil(S) S411$bD39$c1981
=100 1102#$aPhilippine Council for Agriculture, Aquatic and Natural Resources Research and Development (PCAARRD)
=245 24500$aData series on rice statistics in the Philippines$cby the Philippine Council for Agriculture, Aquatic and Natural Resources Research and Development (PCAARRD)
=300 300##$axviii, 258 leaves

