=LDR  00000nam  2200000   4500
=001 PCRD-H001075
=003 000738
=040 PCAARRD-DOST
=050 ##$aFil(S) S411$bD39$cno. 1/1976
=100 1102#$aPhilippine Council for Agriculture, Aquatic and Natural Resources Research and Development (PCAARRD)
=245 24500$aData series on rice statistics in the Philippines$cby the Philippine Council for Agriculture, Aquatic and Natural Resources Research and Development (PCAARRD)
=300 300##$a300 leaves

