=LDR  00000nam  2200000   4500
=001 PCRD-H001076
=003 000739
=040 PCAARRD-DOST
=050 ##$aFil(S) S21.A74$bI54b$cno. 112-B/2002
=100 1102#$aPhilippine Council for Agriculture, Aquatic and Natural Resources Research and Development (PCAARRD)
=245 24500$aLos Baños science community foundation, inc.$cby the Philippine Council for Agriculture, Aquatic and Natural Resources Research and Development (PCAARRD)
=300 300##$a7 leaves$bwith colored illustrations

