=LDR  00000nam  2200000   4500
=001 PCRD-H001077
=003 000740
=040 PCAARRD-DOST
=050 ##$aFil(S) S21.A74$bI54b$cno. 111/1997
=100 1102#$aPhilippine Council for Agriculture, Aquatic and Natural Resources Research and Development (PCAARRD)
=245 24500$aThe policy action group$benhancing PCARRD's policy analysis and advocacy role in agriculture and natural resources$cby the Philippine Council for Agriculture, Aquatic and Natural Resources Research and Development (PCAARRD)
=300 300##$a6 leaves$bwith colored photos

