=LDR  00000nam  2200000   4500
=001 PCRD-H001079
=003 000741
=040 PCAARRD-DOST
=050 ##$aFil(S) S21.A74$bI54b$cno. 110/1997
=100 1102#$aPhilippine Council for Agriculture, Aquatic and Natural Resources Research and Development (PCAARRD)
=245 24500$aCocogro$ba cocktail plant growth hormones/regulators from coconut water waste$cby the Philippine Council for Agriculture, Aquatic and Natural Resources Research and Development (PCAARRD)
=300 300##$a2 leaves$bwith colored photos

