=LDR  00000nam  2200000   4500
=001 PCRD-H001087
=003 000745
=040  PCAARRD-DOST
=050 ##$aFil(S) S21.A74$bI54b$cno. 107/1997
=100 1102#$aPhilippine Council for Agriculture, Aquatic and Natural Resources Research and Development (PCAARRD)
=245 24500$aTi pias$ba maimulmula iti arubayan$cby the Philippine Council for Agriculture, Aquatic and Natural Resources Research and Development (PCAARRD)
=300 300##$a3 leaves$bwith colored photos

