=LDR  00000nam  2200000   4500
=001 PCRD-H001101
=003 000754
=040 foliage plants
=050 ##$aFil(S) S21.A74$bI54b$cno. 100/1997
=100 1102#$aPhilippine Council for Agriculture, Aquatic and Natural Resources Research and Development (PCAARRD)
=245 24500$aIntegrated ornamental horticulture research and development program$bfoliage plants$cby the Philippine Council for Agriculture, Aquatic and Natural Resources Research and Development (PCAARRD)
=300 300##$a7 leaves$bwith colored photos

