=LDR  00000nam  2200000   4500
=001 PCRD-H001105
=003 000756
=040 PCAARRD-DOST
=050 ##$aFil(S) S21.A74$bI54b$cno. 98/1997
=100 1102#$aPhilippine Council for Agriculture, Aquatic and Natural Resources Research and Development (PCAARRD)
=245 24500$aThe integrated coconut research and development program (ICRDP)$cby the Philippine Council for Agriculture, Aquatic and Natural Resources Research and Development (PCAARRD)
=300 300##$a7 leaves$bwith colored photos

