=LDR  00000nam  2200000   4500
=001 PCRD-H001115
=003 000761
=040 PCAARRD-DOST
=050 ##$aFil(S) S21.A74$bI54b$cno. 93/1996
=100 1102#$aPhilippine Council for Agriculture, Aquatic and Natural Resources Research and Development (PCAARRD)
=245 24500$aCommercial UMMB production  using mixer and molder$cby the Philippine Council for Agriculture, Aquatic and Natural Resources Research and Development (PCAARRD)
=300 300##$a3 leaves

