=LDR  00000nam  2200000   4500
=001 PCRD-H001117
=003 000762
=040 PCAARRD-DOST
=050 ##$aFil(S) S21.A74$bI54b$cno. 92/1996
=100 1102#$aPhilippine Council for Agriculture, Aquatic and Natural Resources Research and Development (PCAARRD)
=245 24500$aManually operated multicap high pressure sap displacement (hpsd) treating equipment for wood$cby the Philippine Council for Agriculture, Aquatic and Natural Resources Research and Development (PCAARRD)
=300 300##$a3 leaves

