=LDR  00000nam  2200000   4500
=001 PCRD-H001121
=003 000764
=040 PCAARRD-DOST
=050 ##$aFil(S) S21.A74$bI54b$cno. 90/1996
=100 1102#$aPhilippine Council for Agriculture, Aquatic and Natural Resources Research and Development (PCAARRD)
=245 24500$aPCARRD human resource development program$cby the Philippine Council for Agriculture, Aquatic and Natural Resources Research and Development (PCAARRD)
=300 300##$a17 leaves$bwith non colored picture

