=LDR  00000nam  2200000   4500
=001 PCRD-H001126
=003 000767
=040 PCAARRD-DOST
=050 ##$aFil(S) S21.A74$bI54b$cno. 87/1996
=100 1102#$aPhilippine Council for Agriculture, Aquatic and Natural Resources Research and Development (PCAARRD)
=245 24500$aMaligaya rice hull stove$cby the Philippine Council for Agriculture, Aquatic and Natural Resources Research and Development (PCAARRD)
=300 300##$a3 leaves

