=LDR  00000nam  2200000   4500
=001 PCRD-H001130
=003 000769
=040  PCAARRD-DOST
=050 ##$aFil(S) S21.A74$bI54b$cno. 85/1995
=100 1102#$aPhilippine Council for Agriculture, Aquatic and Natural Resources Research and Development (PCAARRD)
=245 24500$aChemical induction of flowering in dendrobium$cby the Philippine Council for Agriculture, Aquatic and Natural Resources Research and Development (PCAARRD)
=300 300##$a3 leaves

