=LDR  00000nam  2200000   4500
=001 PCRD-H001132
=003 000771
=040 PCAARRD-DOST
=050 ##$aFil(S) S21.A74$bI54b$cno. 84/1995
=100 1102#$aPhilippine Council for Agriculture, Aquatic and Natural Resources Research and Development (PCAARRD)
=245 24500$aBamboo one-node culm cutting technology$cby the Philippine Council for Agriculture, Aquatic and Natural Resources Research and Development (PCAARRD)
=300 300##$a3 leaves

