=LDR  00000nam  2200000   4500
=001 PCRD-H001138
=003 000774
=040 PCAARRD-DOST
=050 ##$aFil(S) S301$bH54$c2001
=100 1102#$aPhilippine Council for Agriculture, Aquatic and Natural Resources Research and Development (PCAARRD)
=245 24500$aHighlights 2000$bPhilipphine Council for Agriculture, Forestry, and Natural Resources Research and Development, Department of Science and Technology$cby the Philippine Council for Agriculture, Aquatic and Natural Resources Research and Development 
=300 300##$av, 225 leaves$bwith colored photos

