=LDR  00000nam  2200000   4500
=001 PCRD-H001142
=003 000778
=040 PCAARRD-DOST
=050 ##$aFil(S) S301$bH54$c1985
=100 1102#$aPhilippine Council for Agriculture, Aquatic and Natural Resources Research and Development (PCAARRD)
=245 24500$aResearch highlights from the PCARRD network 1984 : summary of proceedings of the fourth annual coordinated review and evaluation$cby the Philippine Council for Agriculture, Aquatic and Natural Resources Research and Development (PCAARRD)
=300 300##$a218 leaves

