=LDR  00000nam  2200000   4500
=001 PCRD-H001143
=003 000779
=040 PCAARRD-DOST
=050 ##$aFil(S) S301$bH54$c1983
=100 1102#$aPhilippine Council for Agriculture, Aquatic and Natural Resources Research and Development (PCAARRD)
=245 24500$aPCARRD research network : research highlights 1983$cby the Philippine Council for Agriculture, Aquatic and Natural Resources Research and Development (PCAARRD)
=300 300##$a265 leaves

