=LDR  00000nam  2200000   4500
=001 PCRD-H001144
=003 000780
=040 PCAARRD-DOST
=050 ##$aFil(S) S301$bH54$c1981
=100 1102#$aPhilippine Council for Agriculture, Aquatic and Natural Resources Research and Development (PCAARRD)
=245 24500$aResearch highlights from the PCARR network : summary of proceedings of the national coordinated (1973-1980) and on-going (1981) research projects$cby the Philippine Council for Agriculture, Aquatic and Natural Resources Research and Development (PC
=300 300##$aiv, 163 leaves

