=LDR  00000nam  2200000   4500
=001 PCRD-H001145
=003 000781
=040 PCAARRD-DOST
=050 ##$aFil(S) S301$bH54$c1979
=100 1102#$aPhilippine Council for Agriculture, Aquatic and Natural Resources Research and Development (PCAARRD)
=245 24500$aHighlights '78$cby the Philippine Council for Agriculture, Aquatic and Natural Resources Research and Development (PCAARRD)
=300 300##$aiv, 212 leaves$bwith non colored photos

