=LDR  00000nam  2200000   4500
=001 PCRD-H001146
=003 000782
=040 PCAARRD-DOST
=050 ##$aFil(S) S301$bH54$c1988
=100 1102#$aPhilippine Council for Agriculture, Aquatic and Natural Resources Research and Development (PCAARRD)
=245 24500$aHighlights from the Philippine, Agriculture, Environment, and Natural Resources and Development Network 1988$bsummary of proceedings of the 1988 regional integrated review 13 April - 30 June 1988$cby the Philippine Council for Agriculture, Aquatic 
=300 300##$a242 leaves$bwith colored photos

