=LDR  00000nam  2200000   4500
=001 PCRD-H001149
=003 000785
=040 PCAARRD-DOST
=050 ##$aFil(S) S301$b H54$c 1992
=100 1102#$aPhilippine Council for Agriculture, Aquatic and Natural Resources Research and Development (PCAARRD)
=245 24500$aHighlights '91$cby the Philippine Council for Agriculture, Aquatic and Natural Resources Research and Development (PCAARRD)
=300 300##$aviii, 159 leaves$bwith colored photos

