=LDR  00000nam  2200000   4500
=001 PCRD-H001153
=003 000789
=040 PCAARRD-DOST
=050 ##$aFil(S) S301$bH54$c1996
=100 1102#$aPhilippine Council for Agriculture, Aquatic and Natural Resources Research and Development (PCAARRD)
=245 24500$aHighlights '95$cby the Philippine Council for Agriculture, Aquatic and Natural Resources Research and Development (PCAARRD)
=300 300##$a192 leaves$bwith colored photos

