=LDR  00000nam  2200000   4500
=001 PCRD-H001154
=003 000790
=040 PCAARRD-DOST
=050 ##$aFil(S) S301$bH54$c1997
=100 1102#$aPhilippine Council for Agriculture, Aquatic and Natural Resources Research and Development (PCAARRD)
=245 24500$aHighlights '96$cby the Philippine Council for Agriculture, Aquatic and Natural Resources Research and Development (PCAARRD)
=300 300##$av, 154 leaves$bwith colored photos

