=LDR  00000nam  2200000   4500
=001 PCRD-H001156
=003 000792
=040 PCAARRD-DOST
=050 ##$aFil(S) S301$bH54$c1986-1
=100 1102#$aPhilippine Council for Agriculture, Aquatic and Natural Resources Research and Development (PCAARRD)
=245 24500$aResearch highlights from the Philippine Agriculture and Resources Research Network 1985$cby the Philippine Council for Agriculture, Aquatic and Natural Resources Research and Development (PCAARRD)
=300 300##$axi, 230 leaves$bwith colored photos

