=LDR  00000nam  2200000   4500
=001 PCRD-H001157
=003 000793
=040  PCAARRD-DOST
=050 ##$aFil(S) S301$bH54$c1986-2
=100 1102#$aPhilippine Council for Agriculture, Aquatic and Natural Resources Research and Development (PCAARRD)
=245 24500$aHighlights from the Philippine, Agriculture, Environment, and Resources and Development Network 1986 : summary of proceedings of the 1986 regional integrated review and planning workshop 16 April - 21 July 1986$cby the Philippine Council for Agricu
=300 300##$axvi, 316 leaves$bwith colored photos

