=LDR  00000nam  2200000   4500
=001 PCRD-H001158
=003 000794
=040 PCAARRD-DOST
=050 ##$aFil(S) S301.A56$bP33$c1984.80
=100 1102#$aPhilippine Council for Agriculture, Aquatic and Natural Resources Research and Development (PCAARRD)
=245 24500$aPCARR '80$cby the Philippine Council for Agriculture, Aquatic and Natural Resources Research and Development (PCAARRD)
=300 300##$axiv, 228 leaves$bwith colored photos

