=LDR  00000nam  2200000   4500
=001 PCRD-H001160
=003 000796
=040 PCAARRD-DOST
=050 ##$aFil(S) S301.A56$bP33$c1982
=100 1102#$aPhilippine Council for Agriculture, Aquatic and Natural Resources Research and Development (PCAARRD)
=245 24500$aPCARR '81$cby the Philippine Council for Agriculture, Aquatic and Natural Resources Research and Development (PCAARRD)
=300 300##$av, 395 leaves$bwith non colored photos

