=LDR  00000nam  2200000   4500
=001 PCRD-H001161
=003 000797
=040 PCAARRD-DOST
=050 ##$aFil(S) S301.A56$b P33$c1984.82
=100 1102#$aPhilippine Council for Agriculture, Aquatic and Natural Resources Research and Development (PCAARRD)
=245 24500$aPCAR PCARR PCARRD annual report 1982$cby the Philippine Council for Agriculture, Aquatic and Natural Resources Research and Development (PCAARRD)
=300 300##$a144 leaves

