=LDR  00000nam  2200000   4500
=001 PCRD-H001164
=003 000800
=040 PCAARRD-DOST
=050 ##$aFil(S) S301.A56$bP33$c1985
=100 1102#$aPhilippine Council for Agriculture, Aquatic and Natural Resources Research and Development (PCAARRD)
=245 24500$aPCARRD annual report 1984$cby the Philippine Council for Agriculture, Aquatic and Natural Resources Research and Development (PCAARRD)
=300 300##$a104 leaves

