=LDR  00000nam  2200000   4500
=001 PCRD-H001166
=003 000802
=040 PCAARRD-DOST
=050 ##$aFil(S) S301.A56$bP33$c1994
=100 1102#$aPhilippine Council for Agriculture, Aquatic and Natural Resources Research and Development (PCAARRD)
=245 24500$aAnnual report 1994$cby the Philippine Council for Agriculture, Aquatic and Natural Resources Research and Development (PCAARRD)
=300 300##$avi, 53 leaves$bwith colored photos and colored illustrations

