=LDR  00000nam  2200000   4500
=001 PCRD-H001167
=003 000803
=040 PCAARRD-DOST
=050 ##$aFil(S) S301.A56$bP33$c1996
=100 1102#$aPhilippine Council for Agriculture, Aquatic and Natural Resources Research and Development (PCAARRD)
=245 24500$aAnnual report 1995$cby the Philippine Council for Agriculture, Aquatic and Natural Resources Research and Development (PCAARRD)
=300 300##$a67 leaves$bwith colored photos and colored illustrations

