=LDR  00000nam  2200000   4500
=001 PCRD-H001170
=003 000807
=040 PCAARRD-DOST
=050 ##$aFil(S) S301.A56$bP33$c[1998]
=100 1102#$aPhilippine Council for Agriculture, Aquatic and Natural Resources Research and Development (PCAARRD)
=245 24500$aPCARRD annual report 1998$cby the Philippine Council for Agriculture, Aquatic and Natural Resources Research and Development (PCAARRD)
=300 300##$a79 leaves$b with colored photos

