=LDR  00000nam  2200000   4500
=001 PCRD-H001176
=003 000813
=040 PCAARRD-DOST
=050 ##$aFil(S) S301.A56$bP33$c2005
=100 1102#$aPhilippine Council for Agriculture, Aquatic and Natural Resources Research and Development (PCAARRD)
=245 24500$aPCARRD annual report 2004$cby the Philippine Council for Agriculture, Aquatic and Natural Resources Research and Development (PCAARRD)
=300 300##$avii, 64 leaves$bwith colored photos

