=LDR  00000nam  2200000   4500
=001 PCRD-H001177
=003 000814
=040 PCAARRD-DOST
=050 ##$aFil(S) S301.A56$bP33$c2006
=100 1102#$aPhilippine Council for Agriculture, Aquatic and Natural Resources Research and Development (PCAARRD)
=245 24500$aPCARRD-DOST annual report 2005$cby the Philippine Council for Agriculture, Aquatic and Natural Resources Research and Development (PCAARRD)
=300 300##$av, 63 leaves$bwith colored photos

