=LDR  00000nam  2200000   4500
=001 PCRD-H001178
=003 000815
=040 PCAARRD-DOST
=050 ##$aFil(S) S301.A56$bP33$c2007
=100 1102#$aPhilippine Council for Agriculture, Aquatic and Natural Resources Research and Development (PCAARRD)
=245 24500$aPCARRD annual report 2006$cby the Philippine Council for Agriculture, Aquatic and Natural Resources Research and Development (PCAARRD)
=300 300##$avi, 55 leaves$bwith colored photos

