=LDR  00000nam  2200000   4500
=001 PCRD-H001180
=003 000817
=040 PCAARRD-DOST
=050 ##$aFil(S) S301.A56$bP33$c2009
=100 1102#$aPhilippine Council for Agriculture, Aquatic and Natural Resources Research and Development (PCAARRD)
=245 24500$aAnnual report 08$cby the Philippine Council for Agriculture, Aquatic and Natural Resources Research and Development (PCAARRD)
=300 300##$a53 leaves$bwith colored photos

