=LDR  00000nam  2200000   4500
=001 PCRD-H001181
=003 000818
=040 PCAARRD-DOST
=050 ##$aFil(S) S301.A56$bP33$c2010
=100 1102#$aPhilippine Council for Agriculture, Aquatic and Natural Resources Research and Development (PCAARRD)
=245 24500$aPCARRD 2009 annual report$cby the Philippine Council for Agriculture, Aquatic and Natural Resources Research and Development (PCAARRD)
=300 300##$axi, 78 leaves$bwith colored photos

