=LDR  00000nam  2200000   4500
=001 PCRD-H001182
=003 000819
=040 PCAARRD-DOST
=050 ##$aFil(S) S301.A56$bP33$c2011
=100 1102#$aPhilippine Council for Agriculture, Aquatic and Natural Resources Research and Development (PCAARRD)
=245 24500$a2010 PCARRD annual report$cby the Philippine Council for Agriculture, Aquatic and Natural Resources Research and Development (PCAARRD)
=300 300##$axiii, 61 leaves$bwith colored photos

