=LDR  00000nam  2200000   4500
=001 PCRD-H001183
=003 000820
=040 PCAARRD-DOST
=050 ##$aFil(S) S301.A56$bP33$c2012
=100 1102#$aPhilippine Council for Agriculture, Aquatic and Natural Resources Research and Development (PCAARRD)
=245 24500$aPCARRD 2011 annual report$cby the Philippine Council for Agriculture, Aquatic and Natural Resources Research and Development (PCAARRD)
=300 300##$axiii, 59 leaves$bwith colored photos

