=LDR  00000nam  2200000   4500
=001 PCRD-H001184
=003 000821
=040 PCAARRD-DOST
=050 ##$aFil(S) S301.A56$bP33$c2013
=100 1102#$aPhilippine Council for Agriculture, Aquatic and Natural Resources Research and Development (PCAARRD)
=245 24500$a2012 PCARRD annual report$bworking together towards greater productivity$cby the Philippine Council for Agriculture, Aquatic and Natural Resources Research and Development (PCAARRD)
=300 300##$axxii, 76 leaves$bwith colored photos

