=LDR  00000nam  2200000   4500
=001 PCRD-H001185
=003 000822
=040 PCAARRD-DOST
=050 ##$aFil(S) S301.A56$bP33$c2013-2
=100 1102#$aPhilippine Council for Agriculture, Aquatic and Natural Resources Research and Development (PCAARRD)
=245 24500$a2013 PCAARRD annual report$bharnessing s&t for the agriculture and fishery industries$cby the Philippine Council for Agriculture, Aquatic and Natural Resources Research and Development (PCAARRD)
=300 300##$axvi, 49 leaves$bwith colored photos

