=LDR  00000nam  2200000   4500
=001 PCRD-H001186
=003 000823
=040 PCAARRD-DOST
=050 ##$aFil(S) S301.A56$bP33$c2014
=100 1102#$aPhilippine Council for Agriculture, Aquatic and Natural Resources Research and Development (PCAARRD)
=245 24500$a2014 DOST-PCAARRD annual report$bcelebrating a legacy of s&t excellence and leadership$cby the Philippine Council for Agriculture, Aquatic and Natural Resources Research and Development (PCAARRD)
=300 300##$axv, 73 leaves$bwith colored photos

