=LDR  00000nam  2200000   4500
=001 PCRD-H001187
=003 000824
=040 PCAARRD-DOST
=050 ##$aFil(S) S301.A56$bP33$c2016
=100 1102#$aPhilippine Council for Agriculture, Aquatic and Natural Resources Research and Development (PCAARRD)
=245 24500$a2015 PCAARRD annual report$benhancing alliances, optimizing outcomes$cby the Philippine Council for Agriculture, Aquatic and Natural Resources Research and Development (PCAARRD)
=300 300##$aviii, 77 leaves$bwith colored photos

