=LDR  00000nam  2200000   4500
=001 PCRD-H001188
=003 000825
=040 PCAARRD-DOST
=050 ##$aFil(S) S301.A56$bP33$c2017
=100 1102#$aPhilippine Council for Agriculture, Aquatic and Natural Resources Research and Development (PCAARRD)
=245 24500$a2016 PCAARRD annual report$bs&t innovations for empowered & progressive regions$cby the Philippine Council for Agriculture, Aquatic and Natural Resources Research and Development (PCAARRD)
=300 300##$avii, 101 leaves$bwith colored photos

