=LDR  00000nam  2200000   4500
=001 PCRD-H001189
=003 000826
=040 PCAARRD-DOST
=050 ##$aFil(S) S301$bH54$c2002
=100 1102#$aPhilippine Council for Agriculture, Aquatic and Natural Resources Research and Development (PCAARRD)
=245 24500$aHighlights 2001$cby the Philippine Council for Agriculture, Aquatic and Natural Resources Research and Development (PCAARRD)
=300 300##$avi, 209 leaves

