=LDR  00000nam  2200000   4500
=001 PCRD-H001192
=003 000829
=040 PCAARRD-DOST
=050 ##$aFil(S) S301$bH54$c2005
=100 1102#$aPhilippine Council for Agriculture, Aquatic and Natural Resources Research and Development (PCAARRD)
=245 24500$aHighlights 2004$cby the Philippine Council for Agriculture, Aquatic and Natural Resources Research and Development (PCAARRD)
=300 300##$av, 164 leaves$bwith non colored photo

