=LDR  00000nam  2200000   4500
=001 PCRD-H001193
=003 000830
=040 PCAARRD-DOST
=050 ##$aFil(S) S301$bH54$c2006
=100 1102#$aPhilippine Council for Agriculture, Aquatic and Natural Resources Research and Development (PCAARRD)
=245 24500$aHighlights 2005$bproviding science solutions for a vibrant agriculture and sustainable environment$cby the Philippine Council for Agriculture, Aquatic and Natural Resources Research and Development (PCAARRD)
=300 300##$ax, 167 leaves$bwith colored photos

