=LDR  00000nam  2200000   4500
=001 PCRD-H001194
=003 000831
=040 PCAARRD-DOST
=050 ##$aFil(S) S301$bH54$c2007
=100 1102#$aPhilippine Council for Agriculture, Aquatic and Natural Resources Research and Development (PCAARRD)
=245 24500$aHighlights 2006$cby the Philippine Council for Agriculture, Aquatic and Natural Resources Research and Development (PCAARRD)
=300 300##$axi, 204 leaves$bwith colored photos

