=LDR  00000nam  2200000   4500
=001 PCRD-H001195
=003 000832
=040 PCAARRD-DOST
=050 ##$aFil(S) S301$bH54$c2008
=100 1102#$aPhilippine Council for Agriculture, Aquatic and Natural Resources Research and Development (PCAARRD)
=245 24500$aHighlights 2007$cby the Philippine Council for Agriculture, Aquatic and Natural Resources Research and Development (PCAARRD)
=300 300##$axii, 203 leaves$bwith non colored photo

