=LDR  00000nam  2200000   4500
=001 PCRD-H001198
=003 000835
=040 PCAARRD-DOST
=050 ##$aFil(S) S301$bH54$c2015
=100 1102#$aPhilippine Council for Agriculture, Aquatic and Natural Resources Research and Development (PCAARRD)
=245 24500$a2011 r&d highlights$cby the Philippine Council for Agriculture, Aquatic and Natural Resources Research and Development (PCAARRD)
=300 300##$axvi, 322 leaves$bwith non colored photos

