=LDR  00000nam  2200000   4500
=001 PCRD-H001199
=003 000836
=040 PCAARRD-DOST
=050 ##$aFil(S) S301.A56$bP33$c1979-2
=100 1102#$aPhilippine Council for Agriculture, Aquatic and Natural Resources Research and Development (PCAARRD)
=245 24500$aPCAARRD annual report  1978$cby the Philippine Council for Agriculture, Aquatic and Natural Resources Research and Development (PCAARRD)
=300 300##$a95 leaves$bwith non colored photos

