=LDR  00000nam  2200000   4500
=001 PCRD-H001202
=003 000840
=040 PCAARRD-DOST
=050 ##$aFil(S) S301.A56$bP33$c1987
=100 1102#$aPhilippine Council for Agriculture, Aquatic and Natural Resources Research and Development (PCAARRD)
=245 24500$aPCARRD annual report 1986$cby the Philippine Council for Agriculture, Aquatic and Natural Resources Research and Development (PCAARRD)
=300 300##$a160 leaves

