=LDR  00000nam  2200000   4500
=001 PCRD-H001206
=003 000844
=040 PCAARRD-DOST
=050 ##$aFil(S) S301.A56$bP33$c1992
=100 1102#$aPhilippine Council for Agriculture, Aquatic and Natural Resources Research and Development (PCAARRD)
=245 24500$aPCARRD annual report 1991$cby the Philippine Council for Agriculture, Aquatic and Natural Resources Research and Development (PCAARRD)
=300 300##$aviii, 92 leaves$bwith colored photos

