=LDR  00000nam  2200000   4500
=001 PCRD-H001244
=003 000845
=040 PCAARRD-DOST
=050 ##$aFil(S) S301.A56$bP33$c1976
=100 1102#$aPhilippine Council for Agriculture, Aquatic and Natural Resources Research and Development (PCAARRD)
=245 24500$aPCAARRD annual report 1976$cby the Philippine Council for Agriculture, Aquatic and Natural Resources Research and Development (PCAARRD)
=300 300##$avii, 276 leaves

