=LDR  00000nam  2200000   4500
=001 PCRD-H001245
=003 000846
=040 PCAARRD-DOST
=050 ##$aFil(S) S301.A56$b P33$c1989
=100 1102#$aPhilippine Council for Agriculture, Aquatic and Natural Resources Research and Development (PCAARRD)
=245 24500$aPCARRD annual report 1989$cby the Philippine Council for Agriculture, Aquatic and Natural Resources Research and Development (PCAARRD)
=300 300##$avi, 108 leaves$bwith colored photos

