=LDR  00000nam  2200000   4500
=001 PCRD-H001247
=003 000847
=040 PCAARRD-DOST 
=050 ##$aFil(S) S560.3$bP33$c1973 no. 2
=100 1102#$aPhilippine Council for Agriculture, Aquatic and Natural Resources Research and Development (PCAARRD
=245 24500$aPCAR : first national agriculture system research congress, crops research division, corn and sorghum research papers$cby the Philippine Council for Agriculture, Aquatic and Natural Resources Research and Development (PCAARRD
=300 300##$av, 80 leaves

