=LDR  00000nam  2200000   4500
=001 PCRD-H001250
=003 000851
=040 PCAARRD-DOST
=050 ##$aFil(S) S560.3$bP33$c1973 no. 7
=100 1102#$aPhilippine Council for Agriculture, Aquatic and Natural Resources Research and Development (PCAARRD)
=245 24500$aPCAR : first national agriculture system research congress, crops research division,  sugarcane research papers$cby the Philippine Council for Agriculture, Aquatic and Natural Resources Research and Development (PCAARRD)
=300 300##$av, 193 leaves

