=LDR  00000nam  2200000   4500
=001 PCRD-H001256
=003 000857
=040 PCAARRD-DOST
=050 ##$aFil(S) S560.3$bP33$c[1973] no. 19
=100 1102#$aPhilippine Council for Agriculture, Aquatic and Natural Resources Research and Development (PCAARRD)
=245 24500$aPCAR : workshop on national priorities in Philippine agriculture, crops research division,  abaca and other perennial fiber crops research papers$cby the PCAR : workshop on national priorities in Philippine agriculture, crops research division,  ab
=300 300##$a92 leaves

