=LDR  00000nam  2200000   4500
=001 PCRD-H001257
=003 000858
=040 PCAARRD-DOST
=050 ##$aFil(S) S560.3$bP33$c1975 no. 21
=100 1102#$aPhilippine Council for Agriculture, Aquatic and Natural Resources Research and Development (PCAARRD)
=245 24500$aPCAR : workshop on national priorities in Philippine agriculture, crops research division,  abaca and other perennial fiber crops research papers$cby the Philippine Council for Agriculture, Aquatic and Natural Resources Research and Development (PC
=300 300##$a65 leaves

