=LDR  00000nam  2200000   4500
=001 PCRD-H001258
=003 000859
=040 PCAARRD-DOST
=050 ##$aFil(S) S560.3$bP33$c[1973] no. 22
=100 1102#$aPhilippine Council for Agriculture, Aquatic and Natural Resources Research and Development (PCAARRD)
=245 24500$aPCAR : workshop on national priorities in Philippine agriculture, crops research division,  industrial oil and spice crops research papers$cby the Philippine Council for Agriculture, Aquatic and Natural Resources Research and Development (PCAARRD)
=300 300##$a101 leaves

