=LDR  00000nam  2200000   4500
=001 PCRD-H001259
=003 000860
=040 PCAARRD-DOST
=050 ##$aFil(S) S560.3$bP33$c1975 no. 23
=100 1102#$aPhilippine Council for Agriculture, Aquatic and Natural Resources Research and Development (PCAARRD)
=245 24500$aPCAR : workshop on national priorities in Philippine agriculture, crops research division,  ornamental horticulture research papers$cby the PCAR : workshop on national priorities in Philippine agriculture, crops research division,  ornamental horti
=300 300##$a41 leaves

