=LDR  00000nam  2200000   4500
=001 PCRD-H001260
=003 000861
=040 PCAARRD-DOST
=050 ##$aFil(S) S560.3$bP33$c[1973] no. 25
=100 1102#$aPhilippine Council for Agriculture, Aquatic and Natural Resources Research and Development (PCAARRD)
=245 24500$aPCAR : workshop on national priorities in Philippine agriculture, crops research division,  rubber research papers$cby the Philippine Council for Agriculture, Aquatic and Natural Resources Research and Development (PCAARRD)
=300 300##$a61 leaves

