=LDR  00000nam  2200000   4500
=001 PCRD-H001263
=003 000864
=040 PCAARRD-DOST
=050 ##$aFil(S) S560.3$bP33$c[1973] no. 28
=100 1102#$aPhilippine Council for Agriculture, Aquatic and Natural Resources Research and Development (PCAARRD)
=245 24500$aPCAR : first national agriculture system research congress, forestry research division,  parks and wildlife management research papers$c by the Philippine Council for Agriculture, Aquatic and Natural Resources Research and Development (PCAARRD)
=300 300##$a72 leaves

