=LDR  00000nam  2200000   4500
=001 PCRD-H001264
=003 000865
=040 PCAARRD-DOST
=050 ##$aFil(S) S560.3.N66$bP33$c1975
=100 1102#$aPhilippine Council for Agriculture, Aquatic and Natural Resources Research and Development (PCAARRD)
=245 24500$aPCAR : first PCAR forestry research congress, forestry research division,  non-timber forest products research papers$cby the Philippine Council for Agriculture, Aquatic and Natural Resources Research and Development (PCAARRD)
=300 300##$a147 leaves

