=LDR  00000nam  2200000   4500
=001 PCRD-H001265
=003 000866
=040 PCAARRD-DOST
=050 ##$aFil(S) S560.3.A68$bP33$c1975
=100 1102#$aPhilippine Council for Agriculture, Aquatic and Natural Resources Research and Development (PCAARRD)
=245 24500$aPCAR : first PCAR fisheries research congress, fisheries research division,  aquaculture research papers$cby the Philippine Council for Agriculture, Aquatic and Natural Resources Research and Development (PCAARRD)
=300 300##$av, 118

