=LDR  00000nam  2200000   4500
=001 PCRD-H001266
=003 000867
=040  PCAARRD-DOST
=050 ##$aFil(S) S560.3.I55$bP33$c1975
=100 1102#$aPhilippine Council for Agriculture, Aquatic and Natural Resources Research and Development (PCAARRD)
=245 24500$aPCAR : first PCAR fisheries research congress, fisheries research division,  inland waters research papers$cby the Philippine Council for Agriculture, Aquatic and Natural Resources Research and Development (PCAARRD)
=300 300##$avi, 78 leavea

