=LDR  00000nam  2200000   4500
=001 PCRD-H001275
=003 000876
=040 PCAARRD-DOST
=050 ##$aFil(S) S560.3.R8$bP33$c[1975]
=100 1102#$aPhilippine Council for Agriculture, Aquatic and Natural Resources Research and Development (PCAARRD)
=245 24500$aPCAR : crops research division, rubber national program of research$cby the Philippine Council for Agriculture, Aquatic and Natural Resources Research and Development (PCAARRD)
=300 300##$a21 leaves

