=LDR  00000nam  2200000   4500
=001 PCRD-H001278
=003 000879
=040 PCAARRD-DOST
=050 ##$aFil(S) S560.3.F6$bP33$c[1975]
=100 1102#$aPhilippine Council for Agriculture, Aquatic and Natural Resources Research and Development (PCAARRD)
=245 24500$aPCAR : crops research division, Forage, pasture & range resources national program of research$cby the Philippine Council for Agriculture, Aquatic and Natural Resources Research and Development (PCAARRD)
=300 300##$a28 leaves

