=LDR  00000nam  2200000   4500
=001 PCRD-H001280
=003 000881
=040 PCAARRD-DOST
=050 ##$aFil(S) S560.3.N6$bP33$c[1975]
=100 1102#$aPhilippine Council for Agriculture, Aquatic and Natural Resources Research and Development (PCAARRD)
=245 24500$aPCAR : forestry research division, non-timber forest products commodity national program of research$cby the Philippine Council for Agriculture, Aquatic and Natural Resources Research and Development (PCAARRD)
=300 300##$a20 leaves

