=LDR  00000nam  2200000   4500
=001 PCRD-H001282
=003 000883
=040 PCAARRD-DOST
=050 ##$aFil(S) S560.3.F67$bP33$c1975
=100 1102#$aPhilippine Council for Agriculture, Aquatic and Natural Resources Research and Development (PCAARRD)
=245 24500$aPCAR : forestry research division, fiberboards and paper products commodity national program of research$cby the Philippine Council for Agriculture, Aquatic and Natural Resources Research and Development (PCAARRD)
=300 300##$a26 leaves

