=LDR  00000nam  2200000   4500
=001 PCRD-H001285
=003 000904
=040 PCAARRD-DOST
=050 ##$aFil(S) S542.P4$bP33
=100 1102#$aPhilippine Council for Agriculture, Aquatic and Natural Resources Research and Development (PCAARRD)
=245 24500$aThe PCAARRD monitor$cby the Philippine Council for Agriculture, Aquatic and Natural Resources Research and Development (PCAARRD)
=300 300##$a15 leaves$bwith colored photos

