=LDR  00000nam  2200000   4500
=001 PCRD-H001593
=003 000922
=040 PCAARRD-DOST
=050 ##$aFil(S) S542.P5$bP33
=100 1102#$aPhilippine Council for Agriculture, Aquatic and Natural Resources Research and Development (PCAARRD)
=245 24500$aPCAARRD farm news$cby the Philippine Council for Agriculture, Aquatic and Natural Resources Research and Development (PCAARRD)

