=LDR  00000nam  2200000   4500
=001 PCRD-H001829
=003 000937
=040 PCAARRD-DOST
=050 ##$aFil(S) S411$bD38$cno. 06/1987
=100 1102#$aPhilippine Council for Agriculture, Aquatic and Natural Resources Research and Development (PCAARRD)
=022 0115-7884
=245 24500$aData series on ruminants (cattle, carabao and goat) statistics in the Philippines$cby the Philippine Council for Agriculture, Aquatic and Natural Resources Research and Development (PCAARRD)
=300 300##$a124 leaves

