=LDR  00000nam  2200000   4500
=001 PCRD-H001830
=003 000936
=040 PCAARRD-DOST
=050 ##$aFil(S) S411$bD38$cno. 08/1992
=100 1102#$aPhilippine Council for Agriculture, Aquatic and Natural Resources Research and Development (PCAARRD)
=022 0115-7884
=245 24500$aHog statistics in the Philippines$cby the Philippine Council for Agriculture, Aquatic and Natural Resources Research and Development (PCAARRD)
=300 300##$a66 leaves

