=LDR  00000nam  2200000   4500
=001 PCRD-H001831
=003 000939
=020 978-971-20-0540-4
=040 PCAARRD-DOST
=050 ##$aFil(B) Q75$bL44$c2009
=100 1102#$aPhilippine Council for Agriculture, Aquatic and Natural Resources Research and Development (PCAARRD)
=245 24500$aLegacy 1973-2008$cby the Philippine Council for Agriculture, Aquatic and Natural Resources Research and Development (PCAARRD)
=300 300##$axvii, 416 leaves$bwith some colored photos

