=LDR  00000nam  2200000   4500
=001 PCRD-H001833
=003 000940
=020 978-971-20-0536-7
=040 PCAARRD-DOST
=050 ##$aFil(B) TX801$bK35$c2007
=100 1102#$aADB, AVRDC, BPI-LBNCRDC/DA, PCAARRD/DOST
=245 24500$aMga lutuing katutubong gulay$cby the ADB, AVRDC, BPI-LBNCRDC/DA, and PCAARRD/DOST
=300 300##$axi, 76 leaves$bwith colored photos

