=LDR  00000nam  2200000   4500
=001 PCRD-H001834
=003 000941
=020 978-971-20-542-8
=040 PCAARRD-DOST
=050 ##$aFil(B) QK495.E9$bC73$c2009
=100 1102#$aPhilippine Council for Agriculture, Aquatic and Natural Resources Research and Development (PCAARRD)
=245 24500$aCompendium of information and technologies on jatropha$cby the Philippine Council for Agriculture, Aquatic and Natural Resources Research and Development (PCAARRD)
=300 300##$axiv, 86 leaves$bwith colored photos

