=LDR  00000nam  2200000   4500
=001 PCRD-H001836
=003 000942
=020 978-971-20-0541-1
=040 PCAARRD-DOST
=050 ##$aFil(B) QK495.O64$bT58$c2009
=100 1102#$aPhilippine Council for Agriculture, Aquatic and Natural Resources Research and Development (PCAARRD)
=245 24500$aDeciphering the scriptures on Philippine Grammatophyllum$cby the Philippine Council for Agriculture, Aquatic and Natural Resources Research and Development (PCAARRD)
=300 300##$axiii, 94 leaves$bwith colored photos

