=LDR  00000nam  2200000   4500
=001 PCRD-H001838
=003 000943
=020 978-971-564-062-6
=040 PCAARRD-DOST
=050 ##$aFil(B) S535.P6$bH52$c2013
=100 1102#$aPhilippine Council for Agriculture, Aquatic and Natural Resources Research and Development (PCAARRD)
=245 24500$aHigher education in agriculture : trends, prospects, and policy directions$cby the Philippine Council for Agriculture, Aquatic and Natural Resources Research and Development (PCAARRD)
=300 300##$axxii, 146 leaves

