=LDR  00000nam  2200000   4500
=001 PCRD-H001840
=003 000944
=020 978-971-9673-01-9
=040 PCAARRD-DOST
=050 ##$aFil(B) S494.5.I5$bC66$c2015 v.1
=100 1102#$aPhilippine Council for Agriculture, Aquatic and Natural Resources Research and Development (PCAARRD)
=245 24500$aCompendium of extension and technology transfer modalities in agriculture, fisheries and natural resources in the Philippines (volume I)$cby the Philippine Council for Agriculture, Aquatic and Natural Resources Research and Development (PCAARRD)
=300 300##$axlii, 510 leaves

