=LDR  00000nam  2200000   4500
=001 PCRD-H001842
=003 000946
=040 PCAARRD-DOST
=050 ##$aFil(B) S495$bB66S$cno. 94/1990 
=100 1102#$aPhilippine Council for Agriculture, Aquatic and Natural Resources Research and Development (PCAARRD)
=245 24500$aImproving irrigation and drainage system management$cby the Philippine Council for Agriculture, Aquatic and Natural Resources Research and Development (PCAARRD)
=300 300##$aix, 90 leaves$bwith non colored illustrations

