=LDR  00000nam  2200000   4500
=001 PCRD-H001843
=003 000947
=020 978-971-20-0560-2
=040  PCAARRD-DOST
=050 ##$aFil(R) S542.3$bT73$cno. 7/2014
=100 1102#$aPhilippine Council for Agriculture, Aquatic and Natural Resources Research and Development (PCAARRD)
=245 24500$aArtificial insemination delivery system (aids)$btraining module for facilitators$cby the Philippine Council for Agriculture, Aquatic and Natural Resources Research and Development (PCAARRD) and Isabela State University (ISU)
=300 300##$aviii, 29 leaves$bwith non colored illustrations

