=LDR  00000nam  2200000   4500
=001 PCRD-H001844
=003 000948
=040 PCAARRD-DOST
=050 ##$aFil(B) S495$bB66S$cno. 140/1993
=100 1102#$aPhilippine Council for Agriculture, Aquatic and Natural Resources Research and Development (PCAARRD)
=245 24500$aProceedings : minimum sets of data for animal science research$cby the Philippine Council for Agriculture, Aquatic and Natural Resources Research and Development (PCAARRD)
=300 300##$aiii, 169 leaves

