=LDR  00000nam  2200000   4500
=001 PCRD-H001845
=003 000950
=040 PCAARRD-DOST
=050 ##$aFil(B) S495$bB66S$cno. 27/1985 
=100 1102#$aPhilippine Council for Agriculture, Aquatic and Natural Resources Research and Development (PCAARRD)
=245 24500$aProceedings : minimum sets of data for animal science research, December 21-22, 1981$cby the Philippine Council for Agriculture, Aquatic and Natural Resources Research and Development (PCAARRD)
=300 300##$a169 leaves

