=LDR  00000nam  2200000   4500
=001 PCRD-H001846
=003 000951
=040 PCAARRD-DOST
=050 ##$aFil(B) S495$bB66S$cno. 3/1982 
=100 1102#$aPhilippine Council for Agriculture, Aquatic and Natural Resources Research and Development (PCAARRD)
=245 24500$aLooking forward$cby the Philippine Council for Agriculture, Aquatic and Natural Resources Research and Development (PCAARRD)
=300 300##$a106 leaves

