=LDR  00000nam  2200000   4500
=001 PCRD-H001847
=003 000952
=020 971-20-0316-7
=040 PCAARRD-DOST
=050 ##$aFil(B) S495$bB66S$cno. 133/1993 
=100 1102#$aPhilippine Council for Agriculture, Aquatic and Natural Resources Research and Development (PCAARRD)
=245 24500$aProceedings : 20th PCARRD anniversary symposium$cby the Philippine Council for Agriculture, Aquatic and Natural Resources Research and Development (PCAARRD)
=300 300##$a30 leaves

