=LDR  00000nam  2200000   4500
=001 PCRD-H001848
=003 000953
=040 PCAARRD-DOST
=050 ##$aFil(B) S495$bB66S$c1980 RC 
=100 1102#$aPhilippine Council for Agriculture, Aquatic and Natural Resources Research and Development (PCAARRD)
=245 24500$aRootcrops as energy sources$cby the Philippine Council for Agriculture, Aquatic and Natural Resources Research and Development (PCAARRD)
=300 300##$a60 leaves

