=LDR  00000nam  2200000   4500
=001 PCRD-H001849
=003 000955
=040 PCAARRD-DOST
=050 ##$aFil(S) S542.3.F57$bP45
=100 1102#$aPhilippine Council for Agriculture, Aquatic and Natural Resources Research and Development (PCAARRD)
=245 24500$aState of the art : fisheries series$cby the Philippine Council for Agriculture, Aquatic and Natural Resources Research and Development (PCAARRD)

