=LDR  00000nam  2200000   4500
=001 PCRD-H001864
=003 000960
=040 PCAARRD-DOST
=050 ##$aFil(S) Z5991$bP45
=100 1102#$aPhilippine Council for Agriculture, Aquatic and Natural Resources Research and Development (PCAARRD)
=245 24500$aState of the art and abstract bibliography forestry series$cby the Philippine Council for Agriculture, Aquatic and Natural Resources Research and Development (PCAARRD)
=300 300##$a24 leaves

