=LDR  00000nam  2200000   4500
=001 PCRD-H001892
=003 000956
=040 PCAARRD-DOST
=050 ##$aFil(S) HD1401$bP45
=100 1102#$aPhilippine Council for Agriculture, Aquatic and Natural Resources Research and Development (PCAARRD)
=245 24500$aProfitability analysis$cby the Philippine Council for Agriculture, Aquatic and Natural Resources Research and Development (PCAARRD)
=300 300##$a33 leaves$bwith colored photos

