=LDR  00000nam  2200000   4500
=001 PCRD-H001913
=003 000973
=040 PCAARRD-DOST
=050 ##$aFil(S) S301.C6$bP45
=100 1102#$aPhilippine Council for Agriculture, Aquatic and Natural Resources Research and Development (PCAARRD)
=022 0119-7533
=245 24500$aThe PCAARRD corplan$cby the Philippine Council for Agriculture, Aquatic and Natural Resources Research and Development (PCAARRD)
=300 300##$axi, 67 leaves$bwith colored photos

