=LDR  00000nam  2200000   4500
=001 PCRD-H001921
=003 000979
=040 PCAARRD-DOST
=050 ##$aFil(S) S542.3.M56$bP45
=100 1102#$aPhilippine Council for Agriculture, Aquatic and Natural Resources Research and Development (PCAARRD)
=245 24500$aState of the art mines series$cby the Philippine Council for Agriculture, Aquatic and Natural Resources Research and Development (PCAARRD)
=300 300##$a81 leaves

