=LDR  00000nam  2200000   4500
=001 PCRD-H001953
=003 000975
=040 PCAARRD-DOST
=050 ##$aFil(S) Z5074.I55 P45
=100 1102#$aPhilippine Council for Agriculture, Aquatic and Natural Resources Research and Development (PCAARRD)
=245 24500$aState of the art and abstract bibliography farm resources and systems series$cby the Philippine Council for Agriculture, Aquatic and Natural Resources Research and Development (PCAARRD)
=300 300##$a91 leaves

