=LDR  00000nam  2200000   4500
=001 PCRD-H001968
=003 000974
=040 PCAARRD-DOST
=050 ##$aFil(S) S494.5.I58$bT43
=100 1102#$aPhilippine Council for Agriculture, Aquatic and Natural Resources Research and Development (PCAARRD)
=022 0115-7787
=245 24500$aTechnology$cby the Philippine Council for Agriculture, Aquatic and Natural Resources Research and Development (PCAARRD)
=300 300##$a28 leaves$bwith non colored photos and non colored illustrations

