=LDR  00000nam  2200000   4500
=001 PCRD-H002052
=003 000980
=040 PCAARRD-DOST
=050 ##$aFil(S) S542.P45$bF37
=100 1102#$aPhilippine Council for Agriculture, Aquatic and Natural Resources Research and Development (PCAARRD)
=022 0119-5727
=245 24500$aFarm primer$cby the Philippine Council for Agriculture, Aquatic and Natural Resources Research and Development (PCAARRD)
=300 300##$av, 14 leaves$bwith colored photos and non colored illustrations

