=LDR  00000nam  2200000   4500
=001 PCRD-H002084
=003 000981
=040 PCAARRD-DOST
=050 ##$aFil(S) S542.P45$bB33
=100 1102#$aPhilippine Council for Agriculture, Aquatic and Natural Resources Research and Development (PCAARRD)
=022 1908-885X
=245 24500$aBCARRD farm primer$cby the Philippine Council for Agriculture, Aquatic and Natural Resources Research and Development (PCAARRD) and Bicol Consortium for Agriculture and Resources Research and Development (BCARRD)
=300 300##$av, 12 leaves$bwith non colored photos

