=LDR  00000nam  2200000   4500
=001 PCRD-H002088
=003 000982
=040 PCAARRD-DOST
=050 ##$aFil(S) S542.P45$bC37
=100 1102#$aPhilippine Council for Agriculture, Aquatic and Natural Resources Research and Development (PCAARRD)
=022 1908-885X
=245 24500$aCARRDEC farm primer$cby the Philippine Council for Agriculture, Aquatic and Natural Resources Research and Development (PCAARRD) and Cotabato Agriculture and Resources Research and Development Consortium (CARRDEC)
=300 300##$av, 12 leaves$bwith non colored photos

