=LDR  00000nam  2200000   4500
=001 PCRD-H002092
=003 000983
=040 PCAARRD-DOST
=050 ##$aFil(S) S542.P45$bC33
=100 1102#$aPhilippine Council for Agriculture, Aquatic and Natural Resources Research and Development (PCAARRD)
=022 1908-885X
=245 24500$aCCARRD farm primer$cby the Philippine Council for Agriculture, Aquatic and Natural Resources Research and Development (PCAARRD) and Caraga Consortium for Agriculture, Forestry and Natural Resources Research and Development (CCARRD)
=300 300##$av, 18 leaves$bwith non colored photos

