=LDR  00000nam  2200000   4500
=001 PCRD-H002094
=003 000984
=040 PCAARRD-DOST
=050 ##$aFil(S) S542.P45$bC53
=100 1102#$aPhilippine Council for Agriculture, Aquatic and Natural Resources Research and Development (PCAARRD)
=022 1908-885X
=245 24500$aCLARRDEC farm primer$cby the Philippine Council for Agriculture, Aquatic and Natural Resources Research and Development (PCAARRD) and Central Luzon Agriculture and Resources Research and Development Consortium (CLARRDEC)
=300 300##$av, 7 leaves$bwith non colored photos

