=LDR  00000nam  2200000   4500
=001 PCRD-H002099
=003 000985
=040 PCAARRD-DOST
=050 ##$aFil(S) S542.P45$bC83
=100 1102#$aPhilippine Council for Agriculture, Aquatic and Natural Resources Research and Development (PCAARRD)
=022 1908-885X
=245 24500$aCVARRD farm primer$cby the Philippine Council for Agriculture, Aquatic and Natural Resources Research and Development (PCAARRD)
=300 300##$av, 8 leaves$bwith non colored photos

