=LDR  00000nam  2200000   4500
=001 PCRD-H002102
=003 000986
=040 PCAARRD-DOST
=050 ##$aFil(S) S542.P45$bH37
=100 1102#$aPhilippine Council for Agriculture, Aquatic and Natural Resources Research and Development (PCAARRD)
=022 1908-885X
=245 24500$aHARRDEC farm primer$cby the Philippine Council for Agriculture, Aquatic and Natural Resources Research and Development (PCAARRD) and Highland Agriculture and Resources Research and Development Consortium (HARRDEC)
=300 300##$av, 18 leaves$bwith non colored photos

