=LDR  00000nam  2200000   4500
=001 PCRD-H002105
=003 000987
=040 PCAARRD-DOST
=050 ##$aFil(S) S542.P45$bI43
=100 1102#$aPhilippine Council for Agriculture, Aquatic and Natural Resources Research and Development (PCAARRD)
=022 1908-885X
=245 24500$aILARRDEC farm primer$cby the Philippine Council for Agriculture, Aquatic and Natural Resources Research and Development (PCAARRD) and Ilocos Agriculture and Resources Research and Development Consortium (ILARRDEC)
=300 300##$av, 16 leaves$bwith non colored photos and non colored illustrations

