=LDR  00000nam  2200000   4500
=001 PCRD-H002109
=003 000991
=040 PCAARRD-DOST
=050 ##$aFil(S) S542.P45$bN66
=100 1102#$aPhilippine Council for Agriculture, Aquatic and Natural Resources Research and Development (PCAARRD)
=022 1908-885X
=245 24500$aNOMCARRD farm primer$cby the Philippine Council for Agriculture, Aquatic and Natural Resources Research and Development (PCAARRD) and Northern Mindanao Consortium for Agriculture and Resources Research and Development (NOMCARRD)
=300 300##$av, 9 leaves$bwith non colored photos

