=LDR  00000nam  2200000   4500
=001 PCRD-H002115
=003 000992
=040 PCAARRD-DOST
=050 ##$aFil(S) S542.P45$bS63
=100 1102#$aPhilippine Council for Agriculture, Aquatic and Natural Resources Research and Development (PCAARRD)
=022 1908-885X
=245 24500$aSMARRDEC farm primer$cby the Philippine Council for Agriculture, Aquatic and Natural Resources Research and Development (PCAARRD) and Southern Mindanao Agriculture and Resources Research and Development Consortium (SMARRDEC)
=300 300##$av, 15 leaves

