=LDR  00000nam  2200000   4500
=001 PCRD-H002116
=003 000990
=040 PCAARRD-DOST 
=050 ##$aFil(S) S542.P45$bS73
=100 1102#$aPhilippine Council for Agriculture, Aquatic and Natural Resources Research and Development (PCAARRD)
=022 1908-885X
=245 24500$aSTARRDEC farm primer$cby the Philippine Council for Agriculture, Aquatic and Natural Resources Research and Development (PCAARRD) and Southern Tagalog Agriculture and Resources Research and Devlopment Consortium (STARRDEC)
=300 300##$avii, 12 leaves

