=LDR  00000nam  2200000   4500
=001 PCRD-H002118
=003 000989
=040 PCAARRD-DOST
=050 ##$aFil(S) S542.P45$bV53
=100 1102#$aPhilippine Council for Agriculture, Aquatic and Natural Resources Research and Development (PCAARRD)
=022 1908-885X
=245 24500$aViCARP farm primer$cby the Philippine Council for Agriculture, Aquatic and Natural Resources Research and Development (PCAARRD) and Visayas Consortium for Agriculture and Resources Program (ViCARP)
=300 300##$av, 15 leaves$bwith non colored photos

