=LDR  00000nam  2200000   4500
=001 PCRD-H002121
=003 000988
=040 PCAARRD-DOST
=050 ##$aFil(S) S542.P45$bW47
=100 1102#$aPhilippine Council for Agriculture, Aquatic and Natural Resources Research and Development (PCAARRD)
=022 1908-885X
=245 24500$aWESVARRDEC farm primer$cby the Philippine Council for Agriculture, Aquatic and Natural Resources Research and Development (PCAARRD) and Western Visayas Agriculture and Resources Research and Development Consortium (WESVARRDEC)
=300 300##$av, 20 leaves$bwith non colored illustrations

