=LDR  00000nam  2200000   4500
=001 PCRD-H002125
=003 001000
=020 971-20-0111-3
=040 PCAARRD-DOST
=050 ##$aFil(R) S542.3$bT73$cno. 3-A/2010
=100 1102#$aPhilippine Council for Agriculture, Aquatic and Natural Resources Research and Development (PCAARRD)
=245 24500$aA training module on swine record keeping$cby the Philippine Council for Agriculture, Aquatic and Natural Resources Research and Development (PCAARRD)
=300 300##$avii, 62 leaves$bwith non colored illustrations

