=LDR  00000nam  2200000   4500
=001 PCRD-H002126
=003 001001
=020 971-20-0453-8
=040 PCAARRD-DOST
=050 ##$aFil(R) S542.3$bT73$cno. 2/1998
=100 1102#$aPhilippine Council for Agriculture, Aquatic and Natural Resources Research and Development (PCAARRD)
=245 24500$aRaising small ruminants under coconuts$ba training module$cby the Philippine Council for Agriculture, Aquatic and Natural Resources Research and Development (PCAARRD)
=300 300##$aviii, 142 leaves$bwith non colored photos and non colored illustrations

