=LDR  00000nam  2200000   4500
=001 PCRD-H002127
=003 000997
=020 978-971-20-0558-9
=040 PCAARRD-DOST
=050 ##$aFil(R) S542.3$bT73$cno. 5/2014
=100 1102#$aPhilippine Council for Agriculture, Aquatic and Natural Resources Research and Development (PCAARRD)
=245 24500$aFacilitator's guide to farmer livestock school on goat enterprise management (FLS-GEM) implementation, volume 1 : session guides$cby the Philippine Council for Agriculture, Aquatic and Natural Resources Research and Development (PCAARRD)
=300 300##$aix, 147 leaves$bwith non colored photos and non colored illustrations

