=LDR  00000nam  2200000   4500
=001 PCRD-H002128
=003 000996
=020 978-971-20-0559-6
=040 PCAARRD-DOST
=050 ##$aFil(R) S542.3$bT73$cno. 6/2014
=100 1102#$aPhilippine Council for Agriculture, Aquatic and Natural Resources Research and Development (PCAARRD)
=245 24500$aFacilitator's guide to farmer livestock school on goat enterprise management (FLS-GEM) implementation, volume 2: technical handouts$cby the Philippine Council for Agriculture, Aquatic and Natural Resources Research and Development (PCAARRD)
=300 300##$aix, 172 leaves$bwith non colored photos

