=LDR  00000nam  2200000   4500
=001 PCRD-H002129
=003 000995
=020 971-20-0251-9
=040 PCAARRD-DOST
=050 ##$aFil(R) S542.3$bT73$cno. 1/1997
=100 1102#$aPhilippine Council for Agriculture, Aquatic and Natural Resources Research and Development (PCAARRD)
=245 24500$aStrategic communication planning and management$ba package of training modules$cby the Philippine Council for Agriculture, Aquatic and Natural Resources Research and Development (PCAARRD)
=300 300##$aviii, 116 leaves$bwith non colored illsutrations

