=LDR  00000nam  2200000   4500
=001 PCRD-H002130
=003 000994
=020 978-971-20-0552-7
=040 PCAARRD-DOST
=050 ##$aFil(R) S542.3$bT73$cno. 4/2012
=100 1102#$aPhilippine Council for Agriculture, Aquatic and Natural Resources Research and Development (PCAARRD)
=245 24500$aOrganic agriculture in the Philippines$ba training manual$cby the Philippine Council for Agriculture, Aquatic and Natural Resources Research and Development (PCAARRD)
=300 300##$axii, 443 leaves$bwith colored photos

