=LDR  00000nam  2200000   4500
=001 PCRD-H002132
=003 001082
=020 971-20-0495-3
=040 PCAARRD-DOST
=050 ##$aFil(B) S491$bR36$c2002 vol. 2
=100 1102#$aPhilippine Council for Agriculture, Aquatic and Natural Resources Research and Development (PCAARRD)
=245 24500$aR & d milestones : livestock, volume 2$cby the Philippine Council for Agriculture, Aquatic and Natural Resources Research and Development (PCAARRD)
=300 300##$ax, 51 leaves

