=LDR  00000nam  2200000   4500
=001 PCRD-H002135
=003 001180
=020 971-20-0495-3
=040 PCAARRD-DOST
=050 ##$aFil(B) S491$bR36$c2002 vol. 5
=100 1102#$aPhilippine Council for Agriculture, Aquatic and Natural Resources Research and Development (PCAARRD)
=245 24500$aR & d milestones : socioeconomics, volume 5$cby the Philippine Council for Agriculture, Aquatic and Natural Resources Research and Development (PCAARRD)
=300 300##$ax, 75 leaves

