=LDR  00000nam  2200000   4500
=001 PCRD-H002136
=003 001184
=020 971-20-0520-8
=040 PCAARRD-DOST
=050 ##$aFil(B) S471.P45$bM37$c2004
=100 1102#$aPhilippine Council for Agriculture, Aquatic and Natural Resources Research and Development (PCAARRD)
=245 24500$aR & d status and directions (2000 and beyond) : mangroves$cby the Philippine Council for Agriculture, Aquatic and Natural Resources Research and Development (PCAARRD)
=300 300##$ax, 29 leaves$bwith non colored illustrations

