=LDR  00000nam  2200000   4500
=001 PCRD-H002137
=003 001185
=020 971-20-0516-X
=040 PCAARRD-DOST
=050 ##$aFil(B) S471.P45$bA37$c2003
=100 1102#$aPhilippine Council for Agriculture, Aquatic and Natural Resources Research and Development (PCAARRD)
=245 24500$aR & d status and directions (2000 and beyond) : agroforestry and multi purpose trees and shrubs
=300 300##$axi, 45 leaves

