=LDR  00000nam  2200000   4500
=001 PCRD-H002138
=003 001186
=020 971-20-0501-1
=040 PCAARRD-DOST
=050 ##$aFil(B) S471.P45$bB36$c2002
=100 1102#$aPhilippine Council for Agriculture, Aquatic and Natural Resources Research and Development (PCAARRD)
=245 24500$aR & d status and directions (2000 and beyond) : bamboo and rattan$cby the Philippine Council for Agriculture, Aquatic and Natural Resources Research and Development (PCAARRD)
=300 300##$aix, 48 leaves

