=LDR  00000nam  2200000   4500
=001 PCRD-H002139
=003 001187
=020 971-20-05321-1
=040 PCAARRD-DOST
=050 ##$aFil(B) S471.P45$bE58$c2005
=100 1102#$aPhilippine Council for Agriculture, Aquatic and Natural Resources Research and Development (PCAARRD)
=245 24500$aR & d status and directions (2000 and beyond) : environmental management$cby the Philippine Council for Agriculture, Aquatic and Natural Resources Research and Development (PCAARRD)
=300 300##$axii, 59 leaves$bwith non colored photos

