=LDR  00000nam  2200000   4500
=001 PCRD-H002140
=003 001188
=020 941-20-0517-8
=040 PCAARRD-DOST
=050 ##$aFil(B) S471.P45$bM56$c2003
=100 1102#$aPhilippine Council for Agriculture, Aquatic and Natural Resources Research and Development (PCAARRD)
=245 24500$aR & d status and directions (2000 and beyond) : minor forest plants$cby the Philippine Council for Agriculture, Aquatic and Natural Resources Research and Development (PCAARRD)
=300 300##$ax, 39 leaves

