=LDR  00000nam  2200000   4500
=001 PCRD-H002145
=003 001193
=020 971-20-0511-9
=040 PCAARRD-DOST
=050 ##$aFil(B) S471.P45$bC63$c2003
=100 1102#$aPhilippine Council for Agriculture, Aquatic and Natural Resources Research and Development (PCAARRD)
=245 24500$aR & d status and directions (2000 and beyond) : coconut$cby the Philippine Council for Agriculture, Aquatic and Natural Resources Research and Development (PCAARRD)
=300 300##$ax, 46 leaves

