=LDR  00000nam  2200000   4500
=001 PCRD-H002146
=003 001194
=020 971-20-0513-5
=040 PCAARRD-DOST
=050 ##$aFil(B) S471.P45$bC67$c2003
=100 1102#$aPhilippine Council for Agriculture, Aquatic and Natural Resources Research and Development (PCAARRD)
=245 24500$aR & d status and directions (2000 and beyond) : corn$cby the Philippine Council for Agriculture, Aquatic and Natural Resources Research and Development (PCAARRD)
=300 300##$aix, 40 leaves

