=LDR  00000nam  2200000   4500
=001 PCRD-H002147
=003 001195
=020 971-20-0512-7
=040 PCAARRD-DOST
=050 ##$aFil(B) S471.P45$bA23$c2003
=100 1102#$aPhilippine Council for Agriculture, Aquatic and Natural Resources Research and Development (PCAARRD)
=245 24500$aR & d status and directions (2000 and beyond) : abaca$cby the Philippine Council for Agriculture, Aquatic and Natural Resources Research and Development (PCAARRD)
=300 300##$aix, 39 leaves

