=LDR  00000nam  2200000   4500
=001 PCRD-H002148
=003 001204
=020 971-20-0496-1
=040 PCAARRD-DOST
=050 ##$aFil(B) S471.P45$bO76$c2002
=100 1102#$aPhilippine Council for Agriculture, Aquatic and Natural Resources Research and Development (PCAARRD)
=245 24500$aR & d status and directions (2000 and beyond) : ornamental horticulture
=300 300##$aviii, 60 leaves

