=LDR  00000nam  2200000   4500
=001 PCRD-H002149
=003 001206
=020 971-20-0528-3
=040 PCAARRD-DOST
=050 ##$aFil(B) S471.P45$bP37$c2004
=100 1102#$aPhilippine Council for Agriculture, Aquatic and Natural Resources Research and Development (PCAARRD)
=245 24500$aR & d status and directions (2000 and beyond) : papaya$cby the Philippine Council for Agriculture, Aquatic and Natural Resources Research and Development (PCAARRD)
=300 300##$ax, 38 leaves

