=LDR  00000nam  2200000   4500
=001 PCRD-H002154
=003 001225
=020 971-20-0503-8
=040 PCAARRD-DOST
=050 ##$aFil(B) S471.P45$bP68 $c2002
=100 1102#$aPhilippine Council for Agriculture, Aquatic and Natural Resources Research and Development (PCAARRD)
=245 24500$aR & d status and directions (2000 and beyond) : poultry$cby the Philippine Council for Agriculture, Aquatic and Natural Resources Research and Development (PCAARRD)
=300 300##$ax, 37 leaves

