=LDR  00000nam  2200000   4500
=001 PCRD-H002165
=003 001328
=040 PCAARRD-DOST
=050 ##$aFil(S) S19$bP523
=100 1102#$aPhilippine Council for Agriculture, Aquatic and Natural Resources Research and Development (PCAARRD)
=022 0119-5719
=245 24500$aPCARRD komiks$cby the Philippine Council for Agriculture, Aquatic and Natural Resources Research and Development (PCAARRD)
=300 300##$a16 leaves$bwith non colored illustrations

