=LDR  00000nam  2200000   4500
=001 PCRD-H002199
=003 001335
=020 971-547-118-8
=040 PCAARRD-DOST
=050 ##$aFil(B) S401.C6$bM43$c1997
=100 1102#$aPhilippine Council for Agriculture, Aquatic and Natural Resources Research and Development (PCAARRD)
=245 24500$aDocumentation and assessment of successful coconut production, processing, and marketing enterprises in Mindanao$cPhilippine Council for Agriculture, Aquatic and Natural Resources Research and Development (PCAARRD) and Farming Systems and Soil Reso
=300 300##$aix, 69 leaves$bwith colored photos

