=LDR  00000nam  2200000   4500
=001 PCRD-H002200
=003 001336
=020 971-547-116-1
=040 PCAARRD-DOST
=050 ##$aFil(B) S401.C7$bM43$c1997
=100 1102#$aPhilippine Council for Agriculture, Aquatic and Natural Resources Research and Development (PCAARRD)
=245 24500$aDocumentation and assessment of successful coconut production, processing, and marketing enterprises in Luzon$cby the Philippine Council for Agriculture, Aquatic and Natural Resources Research and Development (PCAARRD) and Farming Systems and Soil 
=300 300##$aix, 75 leaves$bwith colored photos

