=LDR  00000nam  2200000   4500
=001 PCRD-H002201
=003 001337
=020 971-547-117-X
=040 PCAARRD-DOST
=050 ##$aFil(B) S401.C8$bM43$c1997
=100 1102#$aPhilippine Council for Agriculture, Aquatic and Natural Resources Research and Development (PCAARRD)
=245 24500$aDocumentation and assessment of successful coconut production, processing, and marketing enterprises in Visayas$cby the Philippine Council for Agriculture, Aquatic and Natural Resources Research and Development (PCAARRD) and Farming Systems and Soi
=300 300##$aix, 64 leaves$bwith colored photos

