=LDR  00000nam  2200000   4500
=001 PCRD-H002202
=003 001338
=040 PCAARRD-DOST
=050 ##$aFil(B) S494.5.E8$bM35$c1979
=100 1102#$aPhilippine Council for Agriculture, Aquatic and Natural Resources Research and Development (PCAARRD)
=245 24500$aMajor statisticial indicators for Philippine agriculture, forestry, fishery and mines resources$cby the Philippine Council for Agriculture, Aquatic and Natural Resources Research and Development (PCAARRD)
=300 300##$aiii, 24 leaves

