=LDR  00000nam  2200000   4500
=001 PCRD-H002203
=003 001339
=040 PCAARRD-DOST
=050 ##$aFil(B) S494.5.E8$bM35$c1983
=100 1102#$aPhilippine Council for Agriculture, Aquatic and Natural Resources Research and Development (PCAARRD)
=245 24500$aMajor statisticial indicators for Philippine agriculture, forestry, fishery and mines research$cby the Philippine Council for Agriculture, Aquatic and Natural Resources Research and Development (PCAARRD)
=300 300##$av, 27 leaves

