=LDR  00000nam  2200000   4500
=001 PCRD-H002204
=003 001340
=020 978-971-560-151-1
=040 PCAARRD-DOST
=050 ##$aFil(B) QC981.8.C5$bS25$c2012
=100 1003#$aSajise, Asa Jose
=245 24500$aSocioeconomics of climate change in the Philippines : a literature synthesis (1990 - 2010)$cby the Philippine Council for Agriculture, Aquatic and Natural Resources Research and Development (PCAARRD) and Southeast Asian Regional Center for Graduate
=300 300##$a60 leaves$bwith colored photos

