=LDR  00000nam  2200000   4500
=001 PCRD-H002205
=003 001341
=020 978-971-20-0534-4
=040 PCAARRD-DOST
=050 ##$aFil(B) SB379.B2$bP45$c2009
=100 1102#$aPhilippine Council for Agriculture, Aquatic and Natural Resources Research and Development (PCAARRD)
=245 24500$aInvestment package for banana (lakatan) in Luzon$cby the Philippine Council for Agriculture, Aquatic and Natural Resources Research and Development (PCAARRD)
=300 300##$avi, 47 leaves$bwith colored photos

