=LDR  00000nam  2200000   4500
=001 PCRD-H002207
=003 001343
=020 971-20-0483-X
=040 PCAARRD-DOST
=050 ##$aFil(B) SD425$bS44$c2001
=100 1102#$aPhilippine Council for Agriculture, Aquatic and Natural Resources Research and Development (PCAARRD)
=245 24500$aSeeking sustainability : challenges of agricultural development and environmental management in a Philippine watershed$cby the Philippine Council for Agriculture, Aquatic and Natural Resources Research and Development (PCAARRD); edited by Ian Coxhe
=300 300##$axiv, 267 leaves$bwith non colored photos

