=LDR  00000nam  2200000   4500
=001 PCRD-H002209
=003 001344
=020 971-20-0446-5
=040 PCAARRD-DOST
=050 ##$aFil(B) S401$bP45$c1997
=100 1003#$aDar, William D.
=245 24500$aThe Philippine national agricultural research system : a catalyst for economic growth and sustainable development$cby William D. Dar
=300 300##$av, 155 leaves$bwith colored photos

