=LDR  00000nam  2200000   4500
=001 PCRD-H002211
=003 001345
=040 PCAARRD-DOST
=050 ##$aFil(B) S301$bS86$cno. 1/2013
=100 1102#$aPhilippine Council for Agriculture, Aquatic and Natural Resources Research and Development (PCAARRD)
=245 24500$aLakecon 2011 : building on the pillars of integrated lake basin management, second national congress on Philippine lakes$cby the Philippine Council for Agriculture, Aquatic and Natural Resources Research and Development (PCAARRD); editors, Maria Lo
=300 300##$axiv, 337 leaves

