=LDR  00000nam  2200000   4500
=001 PCRD-H002213
=003 001346
=020 971-20-0444-9
=040 PCAARRD-DOST
=050 ##$aFil(B) S301$bS86$cno. 2/1997
=100 1102#$aPhilippine Council for Agriculture, Aquatic and Natural Resources Research and Development (PCAARRD)
=245 24500$aEcotourism$cby the Philippine Council for Agriculture, Aquatic and Natural Resources Research and Development (PCAARRD)
=300 300##$avi, 104 leaves

