=LDR  00000nam  2200000   4500
=001 PCRD-H002215
=003 001347
=020 971-20-0450-3
=040 PCAARRD-DOST
=050 ##$aFil(B) S301$bS86$cno. 4/1998
=100 1102#$aPhilippine Council for Agriculture, Aquatic and Natural Resources Research and Development (PCAARRD)
=245 24500$aProtecting and restoring calamity areas$cby the Philippine Council for Agriculture, Aquatic and Natural Resources Research and Development (PCAARRD); volume editors, Rogelio C. Serrano and Ms. Erlinda H. Belen
=300 300##$av, 82 leaves

