=LDR  00000nam  2200000   4500
=001 PCRD-H002217
=003 001348
=040 PCAARRD_DOST
=050 ##$aFil(B) S301$bS86$cno. 4/1997
=100 1102#$aPhilippine Council for Agriculture, Aquatic and Natural Resources Research and Development (PCAARRD)
=245 24500$aEmpowering the Filipino farmers for global competitiveness$bproceedings of the LBSC-NSTW celebration 1996, July 15-19, 1996 PCARRD headquarters, Los Baños, Laguna$cby the Philippine Council for Agriculture, Aquatic and Natural Resources Research an
=300 300##$av, 52 leaves

