=LDR  00000nam  2200000   4500
=001 PCRD-H002218
=003 001349
=040 PCAARRD-DOST
=050 ##$aFil(B) S301$bS86$cno. 5/1998
=100 1102#$aPhilippine Council for Agriculture, Aquatic and Natural Resources Research and Development (PCAARRD)
=245 24500$aHarnessing science and technology for sustainable development and global competitiveness$bproceedings of the 1997 LBSC-NSTW celebration July 14-18, 1997$cby the Philippine Council for Agriculture, Aquatic and Natural Resources Research and Developm
=300 300##$avi, 72 leaves$bwith non colored photos

