=LDR  00000nam  2200000   4500
=001 PCRD-H002219
=003 001350
=020 971-20-0482-1
=040 PCAARRD-DOST
=050 ##$aFil(B) S301$bS86$cno. 9/2001
=100 1102#$aPhilippine Council for Agriculture, Aquatic and Natural Resources Research and Development (PCAARRD)
=245 24500$aDesign and analysis of socioeconomics research in agriculture$cby the Philippine Council for Agriculture, Aquatic and Natural Resources Research and Development (PCAARRD); edited by, Aida R. Librero
=300 300##$avii, 145 leaves

