=LDR  00000nam  2200000   4500
=001 PCRD-H002220
=003 001351
=020 971-20-0465-1
=040 PCAARRD-DOST
=050 ##$aFil(B) S301$bS86$cno. 7/1999
=100 1102#$aPhilippine Council for Agriculture, Aquatic and Natural Resources Research and Development (PCAARRD)
=245 24500$aBiotechnology forum : proceedings of the multi-sectoral conference on biotechnology, 5 March 1999$cby the Philippine Council for Agriculture, Aquatic and Natural Resources Research and Development (PCAARRD)
=300 300##$av, 45 leaves

