=LDR  00000nam  2200000   4500
=001 PCRD-H002221
=003 001355
=020 971-20-0487-2
=040 PCAARRD-DOST
=050 ##$aFil(R) QL55$bP45$c2001
=100 1102#$aPhilippine Council for Agriculture, Aquatic and Natural Resources Research and Development (PCAARRD)
=245 24500$aPhilippine guidelines and requirements for the establishment of a veterinary biological product research and development$cby the Philippine Council for Agriculture, Aquatic and Natural Resources Research and Development (PCAARRD)
=300 300##$avii, 86 leaves

