=LDR  00000nam  2200000   4500
=001 PCRD-H002223
=003 001352
=040 PCAARRD-DOST
=050 ##$aFil(R) LB2337.6$bP33$c1982
=100 1102#$aPhilippine Council for Agriculture, Aquatic and Natural Resources Research and Development (PCAARRD)
=245 24500$aPCARRD scholars' guidebook$cby the Philippine Council for Agriculture, Aquatic and Natural Resources Research and Development (PCAARRD)
=300 300##$a14 leaves

