=LDR  00000nam  2200000   4500
=001 PCRD-H002225
=003 001353
=020 978-971-8831-28-1
=040 PCAARRD-DOST
=050 ##$aFil(R) SB172$bT73$c2010
=100 1102#$aEcosystem Research and Development Bureau and Philippine Council for Agriculture, Aquatic and Natural Resources Research and Development (PCAARRD)
=245 24500$aTraditional and emerging scpecies for the furniture and handicraft industries$cby the Ecosystem Research and Development Bureau and Philippine Council for Agriculture, Aquatic and Natural Resources Research and Development (PCAARRD)
=300 300##$aix, 205 leaves$bwith colored photos

