=LDR  00000nam  2200000   4500
=001 PCRD-H002227
=003 001354
=040 PCAARRD-DOST
=050 ##$aFil(R) S322.P55$bI53$c1981
=100 1102#$aPhilippine Council for Agriculture, Aquatic and Natural Resources Research and Development (PCAARRD)
=245 24500$aIndex to PCARRD publications 1978-1979$cby the Philippine Council for Agriculture, Aquatic and Natural Resources Research and Development (PCAARRD)
=300 300##$a186 leaves

