=LDR  00000nam  2200000   4500
=001 PCRD-H002230
=003 001365
=040 PCAARRD-DOST
=050 ##$aFil(R) S401$bP33$c1984
=100 1102#$aPhilippine Council for Agriculture, Aquatic and Natural Resources Research and Development (PCAARRD)
=245 24500$aPCARRD inventory of infrastructure equipment and manpower resources in the national research system : vol. 1 infrastructure resources$cby the Philippine Council for Agriculture, Aquatic and Natural Resources Research and Development (PCAARRD)
=300 300##$av, 150 leaves

