=LDR  00000nam  2200000   4500
=001 PCRD-H002232
=003 001366
=040 PCAARRD-DOST
=050 ##$aFil(R) S496$bF37$c1977
=100 1102#$aPhilippine Council for Agriculture, Aquatic and Natural Resources Research and Development (PCAARRD)
=245 24500$aPCARR farm broadcasters handbook$cby the Philippine Council for Agriculture, Aquatic and Natural Resources Research and Development (PCAARRD)
=300 300##$axi, 340 leaves$bwith non colored photos

