=LDR  00000nam  2200000   4500
=001 PCRD-H002234
=003 001332
=040 PCAARRD-DOST
=050 ##$aFil(B) S539$bP45r$c1977 Du 
=100 1102#$aPhilippine Council for Agriculture, Aquatic and Natural Resources Research and Development (PCAARRD)
=245 24500$aThe Philippines recommends for duck raising 1977$cby the Philippine Council for Agriculture, Aquatic and Natural Resources Research and Development (PCAARRD)
=300 300##$avi, 44 leaves$bwith colored photos

