=LDR  00000nam  2200000   4500
=001 PCRD-H002235
=003 001333
=040 PCAARRD-DOST
=050 ##$aFil(B) S539$bP45r$c1978 Fa 
=100 1102#$aPhilippine Council for Agriculture, Aquatic and Natural Resources Research and Development (PCAARRD)
=245 24500$aPhilippines recommends for the production of fast growing hardwoods 1978$cby the Philippine Council for Agriculture, Aquatic and Natural Resources Research and Development (PCAARRD)
=300 300##$aiv, 15 leaves

