=LDR  00000nam  2200000   4500
=001 PCRD-H002236
=003 001334
=040 PCAARRD-DOST
=050 ##$aFil(B) S539$bP45r$cno. 38/1978
=100 1102#$aPhilippine Council for Agriculture, Aquatic and Natural Resources Research and Development (PCAARRD)
=245 24500$aThe Philippines recommends for mango$cby the Philippine Council for Agriculture, Aquatic and Natural Resources Research and Development (PCAARRD)
=300 300##$ax, 70 leaves$bwith colored photos

