=LDR  00000nam  2200000   4500
=001 PCRD-H002238
=003 001331
=040 PCAARRD-DOST
=050 ##$aFil(B) S539$bP45r$cno. 8/1976
=100 1102#$aPhilippine Council for Agriculture, Aquatic and Natural Resources Research and Development (PCAARRD)
=245 24500$aThe Philippines recommends for bangus$cby the Philippine Council for Agriculture, Aquatic and Natural Resources Research and Development (PCAARRD)
=300 300##$aiv, 41 leaves

