=LDR  00000nam  2200000   4500
=001 PCRD-H002239
=003 001330
=040 PCAARRD-DOST
=050 ##$aFil(B) S539$bP45r$cno. 21/1977
=100 1102#$aPhilippine Council for Agriculture, Aquatic and Natural Resources Research and Development (PCAARRD)
=245 24500$aThe Philippines recommends for dipterocarps 1977. : i. lumber$cby the Philippine Council for Agriculture, Aquatic and Natural Resources Research and Development (PCAARRD)
=300 300##$aiii, 122 leaves$bwith colored photos

