=LDR  00000nam  2200000   4500
=001 PCRD-H002241
=003 001362
=020 971-1022-02-8
=040 PCAARRD-DOST
=050 ##$aFil(B) SH167.T54$bS86$c1983
=100 1102#$aPhilippine Council for Agriculture, Aquatic and Natural Resources Research and Development (PCAARRD)
=245 24500$aSummary report of the PCARRD-ICLARM workshop on Philippine tilapia economics$cby the Philippine Council for Agriculture, Aquatic and Natural Resources Research and Development (PCAARRD)
=300 300##$av, 45 leaves

