=LDR  00000nam  2200000   4500
=001 PCRD-H002243
=003 001361
=020 971-20-0205-5
=040 PCAARRD-DOST
=050 ##$aFil(B) S495$bB66S$c1991 Co
=100 1102#$aPhilippine Council for Agriculture, Aquatic and Natural Resources Research and Development (PCAARRD)
=245 24500$aEstablishment and utilization of cover crops in reforestation areas$cby the Philippine Council for Agriculture, Aquatic and Natural Resources Research and Development (PCAARRD)
=300 300##$ax, 19 leaves

