=LDR  00000nam  2200000   4500
=001 PCRD-H002245
=003 001360
=020 971-20-0213-6
=040 PCAARRD-DOST
=050 ##$aFil(B) S495$bB66S$c1992 Ra
=100 1102#$aPhilippine Council for Agriculture, Aquatic and Natural Resources Research and Development (PCAARRD)
=245 24500$aa beginner's sourcebook on Philippine rattan$cby the Philippine Council for Agriculture, Aquatic and Natural Resources Research and Development (PCAARRD)
=300 300##$aviii, 65 leaves$bwith colored photos

