=LDR  00000nam  2200000   4500
=001 PCRD-H002247
=003 001359
=040 PCAARRD-DOST
=050 ##$aFil(B) S471.A1$bB35$c2004
=100 1003#$aBaltazar, Ma. Rowena M.
=245 24500$aLearnings$cBaltazar, Ma. Rowena M. and Mayla H. Viray
=300 300##$avi, 25 leaves$bwith colored photos

