=LDR  00000nam  2200000   4500
=001 PCRD-H002249
=003 001358
=040 PCAARRD-DOST
=050 ##$aFil(B) SD186$bG55$c2008
=100 1102#$aEcosystems Research and Development Services (ERDS)
=245 24500$aPhenological guidebook of some important tree species in Caraga$cby the Ecosystems Research and Development Services (ERDS); and Philippine Council for Agriculture, Aquatic and Natural Resources Research and Development (PCAARRD)
=300 300##$avi, 78 leaves$bwith colored photos

