=LDR  00000nam  2200000   4500
=001 PCRD-H002251
=003 001357
=020 978-971-579-059-8
=040 PCAARRD-DOST
=050 ##$a Fil(B) SB317.B2$bD65$c2011
=100 1003#$aDolom, Priscila C.
=245 24500$aBamboo policy abstracts : sway like the bamboo but do not bend the rules$cby Dolom, Priscila C., Ma. Magdalena B. Villanueva, Aresna B. Palacpac, Ramon A. Razal and Sofronio C. Camacho
=300 300##$aix, 29 leaves$bwith colored photos

