=LDR  00000nam  2200000   4500
=001 PCRD-H002253
=003 001356
=020 971-20-0523-2
=040 PCAARRD-DOST
=050 ##$aFil(B) S604.3$bS87$c2003
=100 1102#$aPhilippine Council for Agriculture, Aquatic and Natural Resources Research and Development (PCAARRD)
=245 24500$aSustaining upland development in Southeast Asia (Issues, Tools and Institutions for Local Natural Resource Management)$cby the Philippine Council for Agriculture, Aquatic and Natural Resources Research and Development (PCAARRD); edited by Rogelio C
=300 300##$ax, 300 leaves$bwith colored photos and non colored illustrations

