=LDR  00000nam  2200000   4500
=001 PCRD-H002281
=003 001471
=040 PCAARRD-DOST
=050 ##$aFil(VF) S301$bP33$c1997 Cor
=100 1102#$aPhilippine Council for Agriculture, Aquatic and Natural Resources Research and Development (PCAARRD)
=245 24500$aThe corn industry$cby the Philippine Council for Agriculture, Aquatic and Natural Resources Research and Development (PCAARRD)
=250 250##$aRevised
=300 300##$a1 leaf$bwith colored photos

