=LDR  00000nam  2200000   4500
=001 PCRD-H002302
=003 001497
=040 PCAARRD-DOST
=050 ##$aFil(VF) S301$bP33$c1996 Nat
=100 1102#$aPhilippine Council for Agriculture, Aquatic and Natural Resources Research and Development (PCAARRD)
=245 24500$aNational program on rapid composting and use of compost as fertilizer$cby the Philippine Council for Agriculture, Aquatic and Natural Resources Research and Development (PCAARRD)
=250 250##$aRevised
=300 300##$a1 leaf$bwith colored photos

