=LDR  00000nam  2200000   4500
=001 PCRD-H002326
=003 001522
=040 PCAARRD-DOST
=050 ##$aFil(VF) S301$bP33$c2002 Pov
=100 1102#$aPhilippine Council for Agriculture, Aquatic and Natural Resources Research and Development (PCAARRD)
=245 24500$aPoverty situation in the Philippines, 1991-2000$cby the Philippine Council for Agriculture, Aquatic and Natural Resources Research and Development (PCAARRD)
=300 300##$a1 leaf$bwith colored photos

