=LDR  00000nam  2200000   4500
=001 PCRD-H002352
=003 001412
=040 PCAARRD-DOST
=050 ##$aFil(VF) S23$bC66
=100 1102#$aPhilippine Council for Agriculture, Aquatic and Natural Resources Research and Development (PCAARRD)
=245 24500$aConservation farming villages$cby the Philippine Council for Agriculture, Aquatic and Natural Resources Research and Development (PCAARRD)
=300 300##$a1 leaf$bwith colored photos

