=LDR  00000nam  2200000   4500
=001 PCRD-H002354
=003 001413
=040 PCAARRD-DOST
=050 ##$aFil(VF) SF208$bD35
=100 1102#$aPhilippine Council for Agriculture, Aquatic and Natural Resources Research and Development (PCAARRD)
=245 24500$aDairy cattle farming : rural growth booster$cby the Philippine Council for Agriculture, Aquatic and Natural Resources Research and Development (PCAARRD)
=300 300##$a1 leaf$bwith colored photos

