=LDR  00000nam  2200000   4500
=001 PCRD-H002356
=003 001414
=040 PCAARRD-DOST
=050 ##$aFil(VF) SB379.M2$bM36
=100 1102#$aPhilippine Council for Agriculture, Aquatic and Natural Resources Research and Development (PCAARRD)
=245 24500$aGlobal market access for mango$cby the Philippine Council for Agriculture, Aquatic and Natural Resources Research and Development (PCAARRD)
=300 300##$a1 leaf$bwith colored photos

