=LDR  00000nam  2200000   4500
=001 PCRD-H002358
=003 001415
=040 PCAARRD-DOST
=050 ##$aFil(VF) SB317.M85$bM86
=100 1102#$aPhilippine Council for Agriculture, Aquatic and Natural Resources Research and Development (PCAARRD)
=245 24500$aMungbean : the protein rich beans$cby the Philippine Council for Agriculture, Aquatic and Natural Resources Research and Development (PCAARRD)
=300 300##$a1 leaf$bwith colored photos

