=LDR  00000nam  2200000   4500
=001 PCRD-H002359
=003 001416
=040 PCAARRD-DOST
=050 ##$aFil(VF) S654$bO74
=100 1102#$aPhilippine Council for Agriculture, Aquatic and Natural Resources Research and Development (PCAARRD)
=245 24500$aOrganic fertilizer : from waste to gold$cby the Philippine Council for Agriculture, Aquatic and Natural Resources Research and Development (PCAARRD)
=300 300##$a1 leaf$bwith colored photos

