=LDR  00000nam  2200000   4500
=001 PCRD-H002360
=003 001417
=040 PCAARRD-DOST
=050 ##$aFil(VF) HD9433$bC38
=100 1102#$aPhilippine Council for Agriculture, Aquatic and Natural Resources Research and Development (PCAARRD)
=245 24500$aBeefing the country's cattle industry$cby the Philippine Council for Agriculture, Aquatic and Natural Resources Research and Development (PCAARRD)
=300 300##$a1 leaf$bwith colored photos

