=LDR  00000nam  2200000   4500
=001 PCRD-H002362
=003 001418
=040 PCAARRD-DOST
=050 ##$aFil(VF) SB379.D8$bD87
=100 1102#$aPhilippine Council for Agriculture, Aquatic and Natural Resources Research and Development (PCAARRD)
=245 24500$aDurian : distinct taste, preferred sweet$cby the Philippine Council for Agriculture, Aquatic and Natural Resources Research and Development (PCAARRD)
=300 300##$a1 leaf$bwith colored photos

