=LDR  00000nam  2200000   4500
=001 PCRD-H002363
=003 001557
=040 PCAARRD-DOST
=050 ##$aFil(VF) G155.P55$bE26
=100 1102#$aPhilippine Council for Agriculture, Aquatic and Natural Resources Research and Development (PCAARRD)
=245 24500$aEcotourism : shining through for the environment and the economy$cby the Philippine Council for Agriculture, Aquatic and Natural Resources Research and Development (PCAARRD)
=300 300##$a1 leaf$bwith colored photos

