=LDR  00000nam  2200000   4500
=001 PCRD-H002364
=003 001419
=040 PCAARRD-DOST
=050 ##$aFil(VF) SB191.M2$bW45
=100 1102#$aPhilippine Council for Agriculture, Aquatic and Natural Resources Research and Development (PCAARRD)
=245 24500$aPutting white corn on the table$cby the Philippine Council for Agriculture, Aquatic and Natural Resources Research and Development (PCAARRD)
=300 300##$a1 leaf$bwith colored photos

