=LDR  00000nam  2200000   4500
=001 PCRD-H002365
=003 001420
=040 PCAARRD-DOST
=050 ##$aFil(VF) SB317.P35$bP37
=100 1102#$aPhilippine Council for Agriculture, Aquatic and Natural Resources Research and Development (PCAARRD)
=245 24500$aScience lifts papaya to a higher ground$cby the Philippine Council for Agriculture, Aquatic and Natural Resources Research and Development (PCAARRD)
=300 300##$a1 leaf$bwith colored photos

