=LDR  00000nam  2200000   4500
=001 PCRD-H002367
=003 001423
=040 PCAARRD-DOST
=050 ##$aFil(VF) SF271.87$bG63
=100 1102#$aPhilippine Council for Agriculture, Aquatic and Natural Resources Research and Development (PCAARRD)
=245 24500$aGoats : sure bet in building rural assets$cby the Philippine Council for Agriculture, Aquatic and Natural Resources Research and Development (PCAARRD)
=300 300##$a1 leaf$bwith colored photos

