=LDR  00000nam  2200000   4500
=001 PCRD-H002368
=003 001424
=040 PCAARRD-DOST
=050 ##$aFil(VF) SB379.B2$bL35
=100 1102#$aPhilippine Council for Agriculture, Aquatic and Natural Resources Research and Development (PCAARRD)
=245 24500$aLakatan up for trade$cby the Philippine Council for Agriculture, Aquatic and Natural Resources Research and Development (PCAARRD)
=300 300##$a1 leaf$bwith colored photos

