=LDR  00000nam  2200000   4500
=001 PCRD-H002370
=003 001556
=040 PCAARRD-DOST
=050 ##$aFil(VF) SB191.M2$bY45
=100 1102#$aPhilippine Council for Agriculture, Aquatic and Natural Resources Research and Development (PCAARRD)
=245 24500$aYellow corn : securing the future of the livestock and poultry industries$cby the Philippine Council for Agriculture, Aquatic and Natural Resources Research and Development (PCAARRD)
=300 300##$a1 leaf$bwith colored photos

