=LDR  00000nam  2200000   4500
=001 PCRD-H002371
=003 001426
=040 PCAARRD-DOST
=050 ##$aFil(VF) SB351.P3$bP43
=100 1102#$aPhilippine Council for Agriculture, Aquatic and Natural Resources Research and Development (PCAARRD)
=245 24500$aGoing nuts about peanuts!$cby the Philippine Council for Agriculture, Aquatic and Natural Resources Research and Development (PCAARRD)
=300 300##$a1 leaf$bwith colored photos

