=LDR  00000nam  2200000   4500
=001 PCRD-H002373
=003 001428
=040 PCAARRD-DOST
=050 ##$aFil(VF) SB375$bP56
=100 1102#$aPhilippine Council for Agriculture, Aquatic and Natural Resources Research and Development (PCAARRD)
=245 24500$aQueen pineapple : a royal treat with s&t$cby the Philippine Council for Agriculture, Aquatic and Natural Resources Research and Development (PCAARRD)
=300 300##$a1 leaf$bwith colored photos

