=LDR  00000nam  2200000   4500
=001 PCRD-H002374
=003 001429
=040 PCAARRD-DOST
=050 ##$aFil(VF) SB211.S9$bS94
=100 1102#$aPhilippine Council for Agriculture, Aquatic and Natural Resources Research and Development (PCAARRD)
=245 24500$aSweetpotato : digging a good food resource$cby the Philippine Council for Agriculture, Aquatic and Natural Resources Research and Development (PCAARRD)
=300 300##$a1 leaf$bwith colored photos

