=LDR  00000nam  2200000   4500
=001 PCRD-H002375
=003 001430
=040 PCAARRD-DOST
=050 ##$aFil(VF) SD397.E814$bW66
=100 1102#$aPhilippine Council for Agriculture, Aquatic and Natural Resources Research and Development (PCAARRD)
=245 24500$aWooden poles : lighting up the countryside$cby the Philippine Council for Agriculture, Aquatic and Natural Resources Research and Development (PCAARRD)
=300 300##$a1 leaf$bwith colored photos

