=LDR  00000nam  2200000   4500
=001 PCRD-H002376
=003 001431
=040 PCAARRD-DOST
=050 ##$aFil(VF) SB299.J38$bJ38
=100 1102#$aPhilippine Council for Agriculture, Aquatic and Natural Resources Research and Development (PCAARRD)
=245 24500$aJatropha biodiesel : the green fuel$cby the Philippine Council for Agriculture, Aquatic and Natural Resources Research and Development (PCAARRD)
=300 300##$a1 leaf$bwith colored photos

