=LDR  00000nam  2200000   4500
=001 PCRD-H002377
=003 001432
=040 PCAARRD-DOST
=050 ##$aFil(VF) SB401.C6$bC63 
=100 1102#$aPhilippine Council for Agriculture, Aquatic and Natural Resources Research and Development (PCAARRD)
=245 24500$aS&t : breathing life into the tree of life$cby the Philippine Council for Agriculture, Aquatic and Natural Resources Research and Development (PCAARRD)
=300 300##$a1 leaf$bwith colored photos

