=LDR  00000nam  2200000   4500
=001 PCRD-H002378
=003 001433
=040 PCAARRD-DOST
=050 ##$aFil(VF) TP358$bR48
=100 1102#$aPhilippine Council for Agriculture, Aquatic and Natural Resources Research and Development (PCAARRD)
=245 24500$aRevving up with fuel ethanol$cby the Philippine Council for Agriculture, Aquatic and Natural Resources Research and Development (PCAARRD)
=300 300##$a1 leaf$bwith colored photos

