=LDR  00000nam  2200000   4500
=001 PCRD-H002379
=003 001434
=040 PCAARRD-DOST
=050 ##$aFil(VF) SB317.B2$bE54
=100 1102#$aPhilippine Council for Agriculture, Aquatic and Natural Resources Research and Development (PCAARRD)
=245 24500$aEngineered bamboo : creativity meets revenues$cby the Philippine Council for Agriculture, Aquatic and Natural Resources Research and Development (PCAARRD)
=300 300##$a1 leaf$bwith colored photos

