=LDR  00000nam  2200000   4500
=001 PCRD-H002380
=003 001435
=040 PCAARRD-DOST
=050 ##$aFil(VF) HD9282$bL58
=100 1102#$aPhilippine Council for Agriculture, Aquatic and Natural Resources Research and Development (PCAARRD)
=245 24500$aLivelihood opportunities from the milk of the beast$cby the Philippine Council for Agriculture, Aquatic and Natural Resources Research and Development (PCAARRD)
=300 300##$a1 leaf$bwith colored photos

