=LDR  00000nam  2200000   4500
=001 PCRD-H002381
=003 001436
=040 PCAARRD-DOST
=050 ##$aFil(VF) SB261.M3$bA23
=100 1102#$aPhilippine Council for Agriculture, Aquatic and Natural Resources Research and Development (PCAARRD)
=245 24500$aAbaca : weaving opportunities into farmers' lives$cby the Philippine Council for Agriculture, Aquatic and Natural Resources Research and Development (PCAARRD)
=300 300##$a1 leaf$bwith colored photos

