=LDR  00000nam  2200000   4500
=001 PCRD-H002382
=003 001437
=040 PCAARRD-DOST
=050 ##$aFil(VF) SB349$bT66
=100 1102#$aPhilippine Council for Agriculture, Aquatic and Natural Resources Research and Development (PCAARRD)
=245 24500$aTomatoes : better health, better lives$cby the Philippine Council for Agriculture, Aquatic and Natural Resources Research and Development (PCAARRD)
=300 300##$a1 leaf$bwith colored photos

