=LDR  00000nam  2200000   4500
=001 PCRD-H002383
=003 001438
=040 PCAARRD-DOST
=050 ##$aFil(VF) TC413$bC54
=100 1102#$aPhilippine Council for Agriculture, Aquatic and Natural Resources Research and Development (PCAARRD)
=245 24500$aClean, adequate water through watershed management$cby the Philippine Council for Agriculture, Aquatic and Natural Resources Research and Development (PCAARRD)
=300 300##$a1 leaf$bwith colored photos

