=LDR  00000nam  2200000   4500
=001 PCRD-H002384
=003 001439
=040 PCAARRD-DOST
=050 ##$aFil(VF) SB211.C3$bC37
=100 1102#$aPhilippine Council for Agriculture, Aquatic and Natural Resources Research and Development (PCAARRD)
=245 24500$aCassava : fuel for the future$cby the Philippine Council for Agriculture, Aquatic and Natural Resources Research and Development (PCAARRD)
=300 300##$a1 leaf$bwith colored photos

