=LDR  00000nam  2200000   4500
=001 PCRD-H002385
=003 001440
=040 PCAARRD-DOST
=050 ##$aFil(VF) SD397.M2$bM34
=100 1102#$aPhilippine Council for Agriculture, Aquatic and Natural Resources Research and Development (PCAARRD)
=245 24500$aReviving the Philippine mahogany group$cby the Philippine Council for Agriculture, Aquatic and Natural Resources Research and Development (PCAARRD)
=300 300##$a1 leaf$bwith colored photos

