=LDR  00000nam  2200000   4500
=001 PCRD-H002386
=003 001441
=040 PCAARRD-DOST
=050 ##$aFil(VF) HD9437$bN38
=100 1102#$aPhilippine Council for Agriculture, Aquatic and Natural Resources Research and Development (PCAARRD)
=245 24500$aNative chicken : from scratching to niching$cby the Philippine Council for Agriculture, Aquatic and Natural Resources Research and Development (PCAARRD)
=300 300##$a1 leaf$bwith colored photos

