=LDR  00000nam  2200000   4500
=001 PCRD-H002388
=003 001367
=040 PCAARRD-DOST
=050 ##$aFil(VF) TP323$bC33
=100 1102#$aPhilippine Council for Agriculture, Aquatic and Natural Resources Research and Development (PCAARRD)
=245 24500$aCacao pod-husk based fuel briquettes$cby the Philippine Council for Agriculture, Aquatic and Natural Resources Research and Development (PCAARRD)
=300 300##$a1 leaf$bwith colored photos

