=LDR  00000nam  2200000   4500
=001 PCRD-H002390
=003 001368
=040 PCAARRD-DOST
=050 ##$aFil(VF) SH371$bL66
=100 1102#$aPhilippine Council for Agriculture, Aquatic and Natural Resources Research and Development (PCAARRD)
=245 24500$aLongline method : A sustainable and environment-friendly technology of growing oysters (Crassotrea iredalei Faustino, 1932) in Samar$cby the Philippine Council for Agriculture, Aquatic and Natural Resources Research and Development (PCAARRD)
=300 300##$a1 leaf$bwith colored photos

