=LDR  00000nam  2200000   4500
=001 PCRD-H002393
=003 001371
=040 PCAARRD-DOST
=050 ##$aFil(VF) S372.5$bS56
=100 1102#$aPhilippine Council for Agriculture, Aquatic and Natural Resources Research and Development (PCAARRD)
=245 24500$aSimple hatchery for mussel production$cby the Philippine Council for Agriculture, Aquatic and Natural Resources Research and Development (PCAARRD)
=300 300##$a1 leaf$bwith colored photos

