=LDR  00000nam  2200000   4500
=001 PCRD-H002395
=003 001373
=040 PCAARRD-DOST
=050 ##$aFil(VF) S372.5$bR34
=100 1102#$aPhilippine Council for Agriculture, Aquatic and Natural Resources Research and Development (PCAARRD)
=245 24500$aRaft culture : an alternative grow-out technology for mussel culture$cby the Philippine Council for Agriculture, Aquatic and Natural Resources Research and Development (PCAARRD)
=300 300##$a1 leaf$bwith colored photos

