=LDR  00000nam  2200000   4500
=001 PCRD-H002396
=003 001374
=040 PCAARRD-DOST
=050 ##$aFil(VF) SH167.M5$bA98
=100 1102#$aPhilippine Council for Agriculture, Aquatic and Natural Resources Research and Development (PCAARRD)
=245 24500$aAutomatic fry counter : accurate laser fry counting for milkfish$cby the Philippine Council for Agriculture, Aquatic and Natural Resources Research and Development (PCAARRD)
=300 300##$a1 leaf$bwith colored photos

