=LDR  00000nam  2200000   4500
=001 PCRD-H002398
=003 001376
=040 PCAARRD-DOST
=050 ##$aFil(VF) SB317.B2$bF75
=100 1102#$aPhilippine Council for Agriculture, Aquatic and Natural Resources Research and Development (PCAARRD)
=245 24500$aEnvironment-friendly bamboo preservatives$cby the Philippine Council for Agriculture, Aquatic and Natural Resources Research and Development (PCAARRD)
=300 300##$a1 leaf$bwith colored photos

