=LDR  00000nam  2200000   4500
=001 PCRD-H002399
=003 001378
=040 PCAARRD-DOST
=050 ##$aFil(VF) SB121$bT73
=100 1102#$aPhilippine Council for Agriculture, Aquatic and Natural Resources Research and Development (PCAARRD)
=245 24500$aTransplanting made easier and cheaper$cby the Philippine Council for Agriculture, Aquatic and Natural Resources Research and Development (PCAARRD)
=300 300##$a1 leaf$bwith colored photos

