=LDR  00000nam  2200000   4500
=001 PCRD-H002400
=003 001379
=040 PCAARRD-DOST
=050 ##$aFil(VF) S675$bC66
=100 1102#$aPhilippine Council for Agriculture, Aquatic and Natural Resources Research and Development (PCAARRD)
=245 24500$aCombine harvesters for muddy fields and small plots$cby the Philippine Council for Agriculture, Aquatic and Natural Resources Research and Development (PCAARRD)
=300 300##$a1 leaf$bwith colored photos

