=LDR  00000nam  2200000   4500
=001 PCRD-H002401
=003 001380
=040 PCAARRD-DOST
=050 ##$aFil(VF) SB608.C58$bB56
=100 1102#$aPhilippine Council for Agriculture, Aquatic and Natural Resources Research and Development (PCAARRD)
=245 24500$aBiological control of coconut scale insect (csi)$cby the Philippine Council for Agriculture, Aquatic and Natural Resources Research and Development (PCAARRD)
=300 300##$a1 leaf$bwith colored photos

