=LDR  00000nam  2200000   4500
=001 PCRD-H002402
=003 001381
=040 PCAARRD-DOST
=050 ##$aFil(VF) SB401.C6$bI47
=100 1102#$aPhilippine Council for Agriculture, Aquatic and Natural Resources Research and Development (PCAARRD)
=245 24500$aImproved mass propagation technique for coconut$cby the Philippine Council for Agriculture, Aquatic and Natural Resources Research and Development (PCAARRD)
=300 300##$a1 leaf$bwith colored photos

