=LDR  00000nam  2200000   4500
=001 PCRD-H002403
=003 001382
=040 PCAARRD-DOST
=050 ##$aFil(VF) TP372.5$bL63
=100 1102#$aPhilippine Council for Agriculture, Aquatic and Natural Resources Research and Development (PCAARRD)
=245 24500$aLocal NIR spectrometer for determination of food and feed quality$cby the Philippine Council for Agriculture, Aquatic and Natural Resources Research and Development (PCAARRD)
=300 300##$a1 leaf$bwith colored photos

