=LDR  00000nam  2200000   4500
=001 PCRD-H002404
=003 001383
=040 PCAARRD-DOST
=050 ##$aFil(VF) SF99.C57$bP76
=100 1102#$aPhilippine Council for Agriculture, Aquatic and Natural Resources Research and Development (PCAARRD)
=245 24500$aProtein-enriched copra meal (PECM) as valuable protein source for swine, poultry, and aqua$cby the Philippine Council for Agriculture, Aquatic and Natural Resources Research and Development (PCAARRD)
=300 300##$a1 leaf$bwith colored photos

