=LDR  00000nam  2200000   4500
=001 PCRD-H002405
=003 001384
=040 PCAARRD-DOST
=050 ##$aFil(VF) SF384.5$bI53
=100 1102#$aPhilippine Council for Agriculture, Aquatic and Natural Resources Research and Development (PCAARRD)
=245 24500$aInduce heat in goats naturally$cby the Philippine Council for Agriculture, Aquatic and Natural Resources Research and Development (PCAARRD)
=300 300##$a1 leaf$bwith colored photos

