=LDR  00000nam  2200000   4500
=001 PCRD-H002406
=003 001385
=040 PCAARRD-DOST
=050 ##$aFil(VF) SF383$bC88
=100 1102#$aPhilippine Council for Agriculture, Aquatic and Natural Resources Research and Development (PCAARRD)
=245 24500$aCut your goat meat right : the Philippine national standards on chevon cuts$cby the Philippine Council for Agriculture, Aquatic and Natural Resources Research and Development (PCAARRD)
=300 300##$a1 leaf$bwith colored photos

