=LDR  00000nam  2200000   4500
=001 PCRD-H002408
=003 001387
=040 PCAARRD-DOST
=050 ##$aFil(VF) SF396.4$bP67
=100 1102#$aPhilippine Council for Agriculture, Aquatic and Natural Resources Research and Development (PCAARRD)
=245 24500$aPork traceability made easy!$cby the Philippine Council for Agriculture, Aquatic and Natural Resources Research and Development (PCAARRD)
=300 300##$a1 leaf$bwith colored photos

