=LDR  00000nam  2200000   4500
=001 PCRD-H002409
=003 001388
=040 PCAARRD-DOST
=050 ##$aFil(VF) TX749.5.P67$bL43
=100 1102#$aPhilippine Council for Agriculture, Aquatic and Natural Resources Research and Development (PCAARRD)
=245 24500$aLechon pa more!!$cby the Philippine Council for Agriculture, Aquatic and Natural Resources Research and Development (PCAARRD)
=300 300##$a1 leaf$bwith colored photos

