=LDR  00000nam  2200000   4500
=001 PCRD-H002410
=003 001389
=040 PCAARRD-DOST
=050 ##$aFil(VF) TX749.5.P67$bE83
=100 1102#$aPhilippine Council for Agriculture, Aquatic and Natural Resources Research and Development (PCAARRD)
=245 24500$a'Etag' for you and me!$cby the Philippine Council for Agriculture, Aquatic and Natural Resources Research and Development (PCAARRD)
=300 300##$a1 leaf$bwith colored photos

