=LDR  00000nam  2200000   4500
=001 PCRD-H002411
=003 001390
=040 PCAARRD-DOST
=050 ##$aFil(VF) SF774$bA53
=100 1102#$aPhilippine Council for Agriculture, Aquatic and Natural Resources Research and Development (PCAARRD)
=245 24500$aAndali rt-lamp test kits : rapid and timely detection of ped$cby the Philippine Council for Agriculture, Aquatic and Natural Resources Research and Development (PCAARRD)
=300 300##$a1 leaf$bwith colored photos

