=LDR  00000nam  2200000   4500
=001 PCRD-H002412
=003 001391
=040 PCAARRD-DOST
=050 ##$aFil(VF) SF492$bI47
=100 1102#$aPhilippine Council for Agriculture, Aquatic and Natural Resources Research and Development (PCAARRD)
=245 24500$aImproved Pateros layer duck$cby the Philippine Council for Agriculture, Aquatic and Natural Resources Research and Development (PCAARRD)
=300 300##$a1 leaf$bwith colored photos

