=LDR  00000nam  2200000   4500
=001 PCRD-H002413
=003 001392
=040 PCAARRD-DOST
=050 ##$aFil(VF) SF498.4$bD39
=100 1102#$aPhilippine Council for Agriculture, Aquatic and Natural Resources Research and Development (PCAARRD)
=245 24500$aDay-old chicks : cracking the shell for profit$cby the Philippine Council for Agriculture, Aquatic and Natural Resources Research and Development (PCAARRD)
=300 300##$a1 leaf$bwith colored photos

