=LDR  00000nam  2200000   4500
=001 PCRD-H002414
=003 001393
=040 PCAARRD-DOST
=050 ##$aFil(VF) SB211.C3$bC374
=100 1102#$aPhilippine Council for Agriculture, Aquatic and Natural Resources Research and Development (PCAARRD)
=245 24500$aCash from cassava$cby the Philippine Council for Agriculture, Aquatic and Natural Resources Research and Development (PCAARRD)
=300 300##$a1 leaf$bwith colored photos

