=LDR  00000nam  2200000   4500
=001 PCRD-H002415
=003 001394
=040 PCAARRD-DOST
=050 ##$aFil(VF) SB191.M2$bC67
=100 1102#$aPhilippine Council for Agriculture, Aquatic and Natural Resources Research and Development (PCAARRD)
=245 24500$aCorn saves the day$cby the Philippine Council for Agriculture, Aquatic and Natural Resources Research and Development (PCAARRD)
=300 300##$a1 leaf$bwith colored photos

