=LDR  00000nam  2200000   4500
=001 PCRD-H002416
=003 001395
=040 PCAARRD-DOST
=050 ##$aFil(VF) S654.5$bP58
=100 1102#$aPhilippine Council for Agriculture, Aquatic and Natural Resources Research and Development (PCAARRD)
=245 24500$aPlus sa ani, plus sa kita$cby the Philippine Council for Agriculture, Aquatic and Natural Resources Research and Development (PCAARRD)
=300 300##$a1 leaf$bwith colored photos

