=LDR  00000nam  2200000   4500
=001 PCRD-H002418
=003 001398
=040 PCAARRD-DOST
=050 ##$aFil(VF) SB261.M3$bD53
=100 1102#$aPhilippine Council for Agriculture, Aquatic and Natural Resources Research and Development (PCAARRD)
=245 24500$aDiagnostic kit for abaca virus$cby the Philippine Council for Agriculture, Aquatic and Natural Resources Research and Development (PCAARRD)
=300 300##$a1 leaf$bwith colored photos

