=LDR  00000nam  2200000   4500
=001 PCRD-H002419
=003 001399
=040 PCAARRD-DOST
=050 ##$aFil(VF) S667.P38$bG65
=100 1102#$aPhilippine Council for Agriculture, Aquatic and Natural Resources Research and Development (PCAARRD)
=245 24500$aGoing nuts with peanuts (enhancing peanut productivity through boron fertilization)$cby the Philippine Council for Agriculture, Aquatic and Natural Resources Research and Development (PCAARRD)
=300 300##$a1 leaf$bwith colored photos

