=LDR  00000nam  2200000   4500
=001 PCRD-H002420
=003 001400
=040 PCAARRD-DOST
=050 ##$aFil(VF) SB269$bQ35
=100 1102#$aPhilippine Council for Agriculture, Aquatic and Natural Resources Research and Development (PCAARRD)
=245 24500$aQuality planting materials for a better coffee$cby the Philippine Council for Agriculture, Aquatic and Natural Resources Research and Development (PCAARRD)
=300 300##$a1 leaf$bwith colored photos

