=LDR  00000nam  2200000   4500
=001 PCRD-H002421
=003 001401
=040 PCAARRD-DOST
=050 ##$aFil(VF) SB189.74$bB76
=100 1102#$aPhilippine Council for Agriculture, Aquatic and Natural Resources Research and Development (PCAARRD)
=245 24500$aBrown rice production made easy$cby the Philippine Council for Agriculture, Aquatic and Natural Resources Research and Development (PCAARRD)
=300 300##$a1 leaf$bwith colored photos

