=LDR  00000nam  2200000   4500
=001 PCRD-H002424
=003 001404
=040 PCAARRD-DOST
=050 ##$aFil(VF) SB351.C3$bC44
=100 1102#$aPhilippine Council for Agriculture, Aquatic and Natural Resources Research and Development (PCAARRD)
=245 24500$aChemical-free carrot farming$cby the Philippine Council for Agriculture, Aquatic and Natural Resources Research and Development (PCAARRD)
=300 300##$a1 leaf$bwith colored photos

