=LDR  00000nam  2200000   4500
=001 PCRD-H002425
=003 001405
=040 PCAARRD-DOST
=050 ##$aFil(VF) SB491.23$bH93
=100 1102#$aPhilippine Council for Agriculture, Aquatic and Natural Resources Research and Development (PCAARRD)
=245 24500$aHydroponics : growing safe crops smartly$cby the Philippine Council for Agriculture, Aquatic and Natural Resources Research and Development (PCAARRD)
=300 300##$a1 leaf$bwith colored photos

