=LDR  00000nam  2200000   4500
=001 PCRD-H002426
=003 001406
=040 PCAARRD-DOST
=050 ##$aFil(VF) SB608.T75$bT55
=100 1102#$aPhilippine Council for Agriculture, Aquatic and Natural Resources Research and Development (PCAARRD)
=245 24500$aTilling in tomato for multiple virus resistance$cby the Philippine Council for Agriculture, Aquatic and Natural Resources Research and Development (PCAARRD)
=300 300##$a1 leaf$bwith colored photos

