=LDR  00000nam  2200000   4500
=001 PCRD-H002428
=003 001408
=040 PCAARRD-DOST
=050 ##$aFil(VF) SB951$bD53
=100 1102#$aPhilippine Council for Agriculture, Aquatic and Natural Resources Research and Development (PCAARRD)
=245 24500$aDiamonds from the forests$cby the Philippine Council for Agriculture, Aquatic and Natural Resources Research and Development (PCAARRD)
=300 300##$a1 leaf$bwith colored photos

