=LDR  00000nam  2200000   4500
=001 PCRD-H002429
=003 001409
=040 PCAARRD-DOST
=050 ##$aFil(VF) SH167.M5$bD53
=100 1102#$aPhilippine Council for Agriculture, Aquatic and Natural Resources Research and Development (PCAARRD)
=245 24500$aDNA probes : detecting pathogens, on the dot$cby the Philippine Council for Agriculture, Aquatic and Natural Resources Research and Development (PCAARRD)
=300 300##$a1 leaf$bwith colored photos

