=LDR  00000nam  2200000   4500
=001 PCRD-H002430
=003 001410
=040 PCAARRD-DOST
=050 ##$aFil(VF) SB189.74$bL63
=100 1102#$aPhilippine Council for Agriculture, Aquatic and Natural Resources Research and Development (PCAARRD)
=245 24500$aLocal feed mill, local feeds for self-reliant farming$cby the Philippine Council for Agriculture, Aquatic and Natural Resources Research and Development (PCAARRD)
=300 300##$a1 leaf$bwith colored photos

