=LDR  00000nam  2200000   4500
=001 PCRD-H002431
=003 001411
=040 PCAARRD-DOST
=050 ##$aFil(VF) SH371$bB54
=100 1102#$aPhilippine Council for Agriculture, Aquatic and Natural Resources Research and Development (PCAARRD)
=245 24500$aBigger, juicer oyster, safe for human consumption$cby the Philippine Council for Agriculture, Aquatic and Natural Resources Research and Development (PCAARRD)
=300 300##$a1 leaf$bwith colored photos

