=LDR  00000nam  2200000   4500
=001 PCRD-H002432
=003 001548
=040 PCAARRD-DOST
=050 ##$aFil(S) S19$bS27
=100 1102#$aPhilippine Council for Agriculture, Aquatic and Natural Resources Research and Development (PCAARRD)
=245 24500$aScientia Filipinas$cby the Philippine Council for Agriculture, Aquatic and Natural Resources Research and Development (PCAARRD)
=300 300##$a73 leaves$bwith colored photos

