=LDR  00000nam  2200000   4500
=001 PCRD-H002436
=003 001549
=040 PCAARRD-DOST
=050 ##$aFil(S) S21.A74$bI47
=100 1102#$aPhilippine Council for Agriculture, Aquatic and Natural Resources Research and Development (PCAARRD)
=245 24500$aImpact assessment bulletin$cby the Philippine Council for Agriculture, Aquatic and Natural Resources Research and Development (PCAARRD)
=300 300##$a3 leaves$bwith colored photos

