=LDR  00000nam  2200000   4500
=001 PCRD-H002445
=003 001550
=040 PCAARRD-DOST
=050 ##$aFil(S) S3$bF54
=100 1102#$aPhilippine Council for Agriculture, Aquatic and Natural Resources Research and Development (PCAARRD)
=245 24500$aPCAARRD fiesta$cby the Philippine Council for Agriculture, Aquatic and Natural Resources Research and Development (PCAARRD)
=300 300##$a27 leaves$bwith colored photos

