=LDR  00000nam  2200000   4500
=001 PCRD-H002451
=003 001552
=040 PCAARRD-DOST
=050 ##$aFil(S) S3$bN48
=100 1102#$aPhilippine Council for Agriculture, Aquatic and Natural Resources Research and Development (PCAARRD)
=245 24500$aNetwork$cby the Philippine Council for Agriculture, Aquatic and Natural Resources Research and Development (PCAARRD)
=300 300##$a22 leaves$bwith non colored photos and non colored illustrations

