=LDR  00000nam  2200000   4500
=001 PCRD-H002459
=003 001553
=040 PCAARRD-DOST
=050 ##$aFil(S) S494.5.S95$bF57
=100 1102#$aPhilippine Council for Aquatic and Marine Research and Development (PCAMRD)
=245 24500$aFisheries technology manual series$cby the Philippine Council for Aquatic and Marine Research and Development (PCAMRD)
=300 300##$a20 leaves$bwith non colored photos

