=LDR  00000nam  2200000   4500
=001 PCRD-H002460
=003 001554
=040 PCAARRD-DOST
=050 ##$aFil(S) S301.R47$bP33
=100 1102#$aPhilippine Council for Agriculture, Aquatic and Natural Resources Research and Development (PCAARRD)
=245 24500$aPCARR report$cby the Philippine Council for Agriculture, Aquatic and Natural Resources Research and Development (PCAARRD)
=300 300##$a12 leaves

