=LDR  00000nam  2200000   4500
=001 PCRD-H002462
=003 001558
=040 PCAARRD-DOST
=050 ##$aFil(S) S21.A74$bI54b$cno. 164/1999
=100 1102#$aPlant Resources of South-East Asia (PROSEA) Country Office
=245 24500$aMga katutubong gulay : alugbati$cby the Plant Resources of South-East Asia (PROSEA) Country Office and Philippine Council for Agriculture, Aquatic and Natural Resources Research and Development (PCAARRD)
=300 300##$a5 leaves

