=LDR  00000nam  2200000   4500
=001 PCRD-H002481
=050 ##$aFil(S) S21.A74$bI54b$cno. 15/1987
=100 1102#$aPhilippine Council for Agriculture, Aquatic and Natural Resources Research and Development (PCAARRD)
=245 24500$aPCARRD what it is, what it has done$cby the Philippine Council for Agriculture, Aquatic and Natural Resources Research and Development (PCAARRD)
=300 300##$a28 leaves

