=LDR  00000nam  2200000   4500
=001 PCRD-H002483
=050 ##$aFil(S) S21.A74$bI54b$cno. 15b/1994
=100 1102#$aPhilippine Council for Agriculture, Aquatic and Natural Resources Research and Development (PCAARRD)
=245 24500$aPhilippine Council for Agriculture, Forestry and Natural Resources Research and Development (PCARRD)$cby the Philippine Council for Agriculture, Aquatic and Natural Resources Research and Development (PCAARRD)
=300 300##$a37 leaves$bwith colored photos

