=LDR  00000nam  2200000   4500
=001 PCRD-H002486
=050 ##$aFil(S) S21.A74$bI54b$cno. 16/1987
=100 1102#$aPhilippine Council for Agriculture, Aquatic and Natural Resources Research and Development (PCAARRD)
=245 24500$aTanglaw and pantas awards 1974-1987$cby the Philippine Council for Agriculture, Aquatic and Natural Resources Research and Development (PCAARRD)
=300 300##$a46 leaves

