=LDR  00000nam  2200000   4500
=001 PCRD-H002490
=050 ##$aFil(S) S21.A74$bI54b$cno. 18/1989
=100 1102#$aPhilippine Council for Agriculture, Aquatic and Natural Resources Research and Development (PCAARRD)
=245 24500$aThe regional research and development consortia in agriculture, forestry, fisheries and natural resources$cby the Philippine Council for Agriculture, Aquatic and Natural Resources Research and Development (PCAARRD)
=300 300##$a50 leaves$bwith colored photos

