=LDR  00000nam  2200000   4500
=001 PCRD-H002502
=050 ##$atestt
=100 1000#$atestt
=245 24500$atestt

