=LDR  00000nam  2200000   4500
=001 PCRD-H002507
=050 ##$aTESTJCL1
=100 1102#$aTESTJCL1
=245 24500$aTESTJCL1$cby the TESTJCL1

