=LDR  00000nam  2200000   4500
=001 PCRD-H002510
=050 ##$aFil(B) HD9259.C6$bC45$c1987
=100 1102#$aPhilippine Council for Agriculture, Aquatic and Natural Resources Research and Development (PCAARRD)
=245 24500$aChicken$cby the Philippine Council for Agriculture, Aquatic and Natural Resources Research and Development (PCAARRD)
=300 300##$a59 leaves

