=LDR  00000nam  2200000   4500
=001 PCRD-H002511
=050 ##$aFil(B) HD9259.C6$bA23$c1988
=100 1102#$aPhilippine Council for Agriculture, Aquatic and Natural Resources Research and Development (PCAARRD)
=245 24500$aCommodity industry analysis : abaca$cby the Philippine Council for Agriculture, Aquatic and Natural Resources Research and Development (PCAARRD)
=300 300##$axii, 42 leaves

