=LDR  00000nam  2200000   4500
=001 PCRD-H002512
=050 ##$aFil(B) HD9259.C6$bB85$c1988
=100 1102#$aPhilippine Council for Agriculture, Aquatic and Natural Resources Research and Development (PCAARRD)
=245 24500$aCommodity industry analysis : bulb onion$cby the Philippine Council for Agriculture, Aquatic and Natural Resources Research and Development (PCAARRD)
=300 300##$ax, 42 leaves

