=LDR  00000nam  2200000   4500
=001 PCRD-H002513
=050 ##$aFil(B) HD9259.C6$bC63$c1988
=100 1102#$aPhilippine Council for Agriculture, Aquatic and Natural Resources Research and Development (PCAARRD)
=245 24500$aCommodity industry analysis : coconut$cby the Philippine Council for Agriculture, Aquatic and Natural Resources Research and Development (PCAARRD)
=300 300##$ax, 72 leaves

