=LDR  00000nam  2200000   4500
=001 PCRD-H002515
=050 ##$aFil(B) SH137.3$bC34
=100 1102#$aPhilippine Council for Agriculture, Aquatic and Natural Resources Research and Development (PCAARRD)
=245 24500$aCage culture of sea urchin (Tripneustes gratilla)$cby the Philippine Council for Agriculture, Aquatic and Natural Resources Research and Development (PCAARRD)
=300 300##$a16 leaves$bwith colored photos

