=LDR  00000nam  2200000   4500
=001 PCRD-H002517
=050 ##$aFil(B) PN1990.8$bW75$c1983
=100 1102#$aPhilippine Council for Agriculture, Aquatic and Natural Resources Research and Development (PCAARRD)
=245 24500$aWriting broadcast materials for the countryside$cby the Philippine Council for Agriculture, Aquatic and Natural Resources Research and Development (PCAARRD)
=300 300##$a41 leaves

