=LDR  00000nam  2200000   4500
=001 PCRD-H002519
=050 ##$aFil(B) S676.3$bT43
=100 1102#$aPhilippine Council for Agriculture, Aquatic and Natural Resources Research and Development (PCAARRD)
=245 24500$aTechnology bulletin : catalogue of technologies generated by the NARRDN$cby the Philippine Council for Agriculture, Aquatic and Natural Resources Research and Development (PCAARRD)
=300 300##$a53 leaves$bwith non colored photos

