=LDR  00000nam  2200000   4500
=001 PCRD-H002520
=050 ##$aFil(S) S21.A74$bI54b$cno. 20/1990
=100 1102#$aPhilippine Council for Agriculture, Aquatic and Natural Resources Research and Development (PCAARRD)
=245 24500$aIs the Philippines underinvesting in agriculture and natural resources research?$cby the Philippine Council for Agriculture, Aquatic and Natural Resources Research and Development (PCAARRD)
=300 300##$a27 leaves

