=LDR  00000nam  2200000   4500
=001 PCRD-H002524
=050 ##$aFil(S) S301$bS77$c2015
=100 1102#$aPhilippine Council for Agriculture, Aquatic and Natural Resources Research and Development (PCAARRD)
=245 24500$aStrategic industry s&t program for agri-acqua growth : sipag ni Juan$cby the Philippine Council for Agriculture, Aquatic and Natural Resources Research and Development (PCAARRD)
=300 300##$a15 leaves$bwith colored photos

