=LDR  00000nam  2200000   4500
=001 PCRD-H002525
=050 ##$aFil(S) S301$bS57$c2016
=100 1102#$aPhilippine Council for Agriculture, Aquatic and Natural Resources Research and Development (PCAARRD)
=245 24500$aSipag ni Juan sa Mindanao : PCAARRD-Mindanao r&d consortia partnership : Making s7T work towards inclusive growth$cby the Philippine Council for Agriculture, Aquatic and Natural Resources Research and Development (PCAARRD)
=300 300##$a16 leaves$bwith colored photos

