=LDR  00000nam  2200000   4500
=001 PCRD-H002526
=050 ##$aFil(S) SB608.P23$bP37
=100 1102#$aPhilippine Council for Agriculture, Aquatic and Natural Resources Research and Development (PCAARRD)
=245 24500$aPapaya ringspot$cby the Philippine Council for Agriculture, Aquatic and Natural Resources Research and Development (PCAARRD)
=300 300##$aii, 12 leaves$bwith colored photos

