=LDR  00000nam  2200000   4500
=001 PCRD-H002529
=050 ##$aFil(S) S21.A74$bI54b$cno. 89/2017
=100 1102#$aPhilippine Council for Agriculture, Aquatic and Natural Resources Research and Development (PCAARRD)
=245 24500$aOrganic production of cabbage in the highlands$cby the Philippine Council for Agriculture, Aquatic and Natural Resources Research and Development (PCAARRD)
=300 300##$av, 31 leaves$bwith colored photos

