=LDR  00000nam  2200000   4500
=001 PCRD-H002531
=050 ##$aFil(S) S21.A74$bI54b$cno. 51/2014
=100 1102#$aPhilippine Council for Agriculture, Aquatic and Natural Resources Research and Development (PCAARRD)
=245 24500$aBanana : s&t-based saba for world-class banana chips$cby the Philippine Council for Agriculture, Aquatic and Natural Resources Research and Development (PCAARRD)
=300 300##$av, 16 leaves$bwith colored photos

