=LDR  00000nam  2200000   4500
=001 PCRD-H002532
=050 ##$aFil(S) S21.A74$bI54b$cno. 29/2013
=100 1102#$aPhilippine Council for Agriculture, Aquatic and Natural Resources Research and Development (PCAARRD)
=245 24500$aFilling up the senses : Bohol's tourism and organic rice production$cby the Philippine Council for Agriculture, Aquatic and Natural Resources Research and Development (PCAARRD)
=300 300##$avii, 16 leaves$bwith colored photos and non colored illustrations

