=LDR  00000nam  2200000   4500
=001 PCRD-H002534
=050 ##$aFil(S) S21.A74$bI54b$cno. 28/2013
=100 1102#$aPhilippine Council for Agriculture, Aquatic and Natural Resources Research and Development (PCAARRD)
=245 24500$aMS Abesamis : the success of science & technology-based farm on mango production$cby the Philippine Council for Agriculture, Aquatic and Natural Resources Research and Development (PCAARRD)
=300 300##$avii, 10 leaves$bwith colored photos

