=LDR  00000nam  2200000   4500
=001 PCRD-H002536
=050 ##$aFil(S) S21.A74$bI54b$cno. 27/2013
=100 1102#$aPhilippine Council for Agriculture, Aquatic and Natural Resources Research and Development (PCAARRD)
=245 24500$aPromising vine species for handicrafts$cby the Philippine Council for Agriculture, Aquatic and Natural Resources Research and Development (PCAARRD)

