=LDR  00000nam  2200000   4500
=001 PCRD-H002538
=050 ##$aFil(S) S21.A74$bI54b$cno. 26/2013
=100 1001#$aAquino, R.M.G.
=245 24500$aConfectionery peanut production$cby R.M.G. Aquino, O.J. Lorenzana, L.M. Caranguian, N.A. Nerona, and V.J.V. Fortin
=300 300##$av, 13 leaves$bwith colored photos

