=LDR  00000nam  2200000   4500
=001 PCRD-H002542
=050 ##$aFil(S) S21.A74$bI54b$cno. 24/2012
=100 1102#$aPhilippine Council for Agriculture, Aquatic and Natural Resources Research and Development (PCAARRD)
=245 24500$aImplementing rules and regulations on the executive order 801 : encouraging local government units (LGUs) to adpot the techno gabay in their agricultural extension programs and the concerned government agencies to provide the required assistance to
=300 300##$aiii, 21 leaves

