=LDR  00000nam  2200000   4500
=001 PCRD-H002544
=050 ##$aFil(S) S21.A74$bI54b$cno. 22/2012
=100 1102#$aPhilippine Council for Agriculture, Aquatic and Natural Resources Research and Development (PCAARRD)
=245 24500$aSpawning and larval rearing techniques of 'Biyang-puti' (Glossogobius giuris Hamilton$cby the Philippine Council for Agriculture, Aquatic and Natural Resources Research and Development (PCAARRD)
=300 300##$aiii, 11 leaves$bwith colored photos

