=LDR  00000nam  2200000   4500
=001 PCRD-H002546
=050 ##$aFil(S) S21.A74$bI54b$cno. 20/2015
=100 1102#$aPhilippine Council for Agriculture, Aquatic and Natural Resources Research and Development (PCAARRD)
=245 24500$aInduced spawning and larval rearing of Ayunging (Leiopotherapon plumbeus Kner)$cby the Philippine Council for Agriculture, Aquatic and Natural Resources Research and Development (PCAARRD)
=300 300##$avi, 13 leaves$bwith colored photos

