=LDR  00000nam  2200000   4500
=001 PCRD-H002548
=050 ##$aFil(S) S21.A74$bI54b$cno. 19/2012
=100 1102#$aPhilippine Council for Agriculture, Aquatic and Natural Resources Research and Development (PCAARRD)
=245 24500$aModified triangular method of seaweed farming$cby the Philippine Council for Agriculture, Aquatic and Natural Resources Research and Development (PCAARRD)
=300 300##$a5 leaves$bwith colored photos

