=LDR  00000nam  2200000   4500
=001 PCRD-H002584
=050 ##$aFil(S) S21.A74$bI54b$cno. 1/2012
=100 1102#$aPhilippine Council for Agriculture, Aquatic and Natural Resources Research and Development (PCAARRD)
=245 24500$aA guide in growing papayang-uwak (Carica papaya L.)$cby the Philippine Council for Agriculture, Aquatic and Natural Resources Research and Development (PCAARRD)
=300 300##$avi, 18 leaves$bwith colored photos

