=LDR  00000nam  2200000   4500
=001 PCRD-H002592
=050 ##$aFil(S) S21.A74$bI54b$cno. 339/2011
=100 1102#$aPhilippine Council for Agriculture, Aquatic and Natural Resources Research and Development (PCAARRD)
=245 24500$aSnack with the healthy chips : Vmotril's bongulan banana chips$cby the Philippine Council for Agriculture, Aquatic and Natural Resources Research and Development (PCAARRD)
=300 300##$a5 leaves$bwith colored photos

