=LDR  00000nam  2200000   4500
=001 PCRD-H002606
=050 ##$aFil(S) S21.A74$bI54b$cno. 332/2011
=100 1102#$aPhilippine Council for Agriculture, Aquatic and Natural Resources Research and Development (PCAARRD)
=245 24500$aUrban gardening using epp technology$cby the Philippine Council for Agriculture, Aquatic and Natural Resources Research and Development (PCAARRD)
=300 300##$a5 leaves$bwith colored photos

