=LDR  00000nam  2200000   4500
=001 PCRD-H002608
=050 ##$aFil(S) S21.A74$bI54b$cno. 331/2011
=100 1102#$aPhilippine Council for Agriculture, Aquatic and Natural Resources Research and Development (PCAARRD)
=245 24500$aAppropriate farm practices for livestock and poultry during extended dry spell$cby the Philippine Council for Agriculture, Aquatic and Natural Resources Research and Development (PCAARRD)
=300 300##$aiii, 14 leaves$bwith colored photos

