=LDR  00000nam  2200000   4500
=001 PCRD-H002610
=050 ##$aFil(S) S21.A74$bI54b$cno. 330/2010
=100 1102#$aPhilippine Council for Agriculture, Aquatic and Natural Resources Research and Development (PCAARRD)
=245 24500$aA field guide in identifying insect pests infesting sweet sorghum$cby the Philippine Council for Agriculture, Aquatic and Natural Resources Research and Development (PCAARRD)
=300 300##$avii, 20 leaves$bwith colored photos

