=LDR  00000nam  2200000   4500
=001 PCRD-H002626
=050 ##$aFil(S) S21.A74$bI54b$cno. 321/2010
=100 1001#$aLayaoen. Thelma Z.
=245 24500$aA Field guide in identifying diseases infecting sweet sorghum$cby Thelma Z. Layaoen, Odilon V. Caraan, and Heraldo L. Layaoen
=300 300##$avi, 14 leaves$bwith colored photos

