=LDR  00000nam  2200000   4500
=001 PCRD-H002652
=050 ##$aFil(S) S21.A74$bI54b$cno. 309/2010
=100 1102#$aPhilippine Council for Agriculture, Aquatic and Natural Resources Research and Development (PCAARRD)
=245 24500$aProduksiyon ng binhi ng okra$cby the Philippine Council for Agriculture, Aquatic and Natural Resources Research and Development (PCAARRD)
=300 300##$a7 leaves$bwith colored photo and illustrations

