=LDR  00000nam  2200000   4500
=001 PCRD-H002744
=050 ##$aFil(S) S21.A74$bI54b$cno. 280/2008
=100 1102#$aPhilippine Council for Agriculture, Aquatic and Natural Resources Research and Development (PCAARRD)
=245 24500$aintegrated s&t agenda in agriculture, forestry, and natural resources for cy 2006-2010$cby the Philippine Council for Agriculture, Aquatic and Natural Resources Research and Development (PCAARRD)
=300 300##$axii, 86 leaves$bwith colored photos

