=LDR  00000nam  2200000   4500
=001 PCRD-H002748
=050 ##$aFil(S) S21.A74$bI54b$cno. 250/2006
=100 1001#$aManzanilla, Digna O.
=245 24500$aSaving the land, improving lives conservation farming village$cby Digna O. Manzanilla, Adoracion B. Armada and Ofelia F. Domingo
=300 300##$ax, 45 leaves$bwith colored photos

