=LDR  00000nam  2200000   4500
=001 PCRD-H002750
=050 ##$aFil(S) S21.A74$bI54b$cno. 251/2006
=100 1001#$aBrown, Ernesto O.
=245 24500$aEx ante economic evaluation protocol for evaluationg r&d project worth : a simplified approach$cby Ernesto O. Brown, Richard B. Daite, and Danilo C. Cardenas
=300 300##$av, 31 leaves$bwith colored photos

