=LDR  00000nam  2200000   4500
=001 PCRD-H002801
=050 ##$aFil(S) S21.A74$bI54b$cno. 261/2007
=100 1102#$aPhilippine Council for Agriculture, Aquatic and Natural Resources Research and Development (PCAARRD)
=245 24500$aPropagation of giant bamboo by branch cutting$cby the Philippine Council for Agriculture, Aquatic and Natural Resources Research and Development (PCAARRD)
=300 300##$a5 leaves$bwith colored photos

